3114 5004
279 392 382 457 LXVI
470 418 472 422 ·
703 393 998 464 Prologomcna.

278 585 360 649 inter
383 588 520 669 plurima
537 588 593 653 illa
613 608 692 671 quae
713 590 849 654 coniecit
866 591 961 656 homo
982 593 1187 656 acutissimus
1208 593 1422 658 doctissimus-

280 712 350 775 que,
372 713 442 759 esse
462 697 495 758 et
512 714 604 760 ueras
625 697 799 762 sententias
819 700 851 762 et
868 698 1049 781 prohabiles
1074 718 1210 780 cumque
1229 701 1423 783 perspexisse

275 802 430 864 nonnulla
444 802 620 868 rectissime
636 823 715 885 quae
741 825 850 870 omnes
869 806 989 887 priores
1008 805 1177 889 fugissent.
1201 807 1312 889 Itaque
1333 826 1422 889 saepe

278 909 386 971 nostra
420 909 453 971 in
487 909 623 975 editione
655 911 798 977 inuenies
833 932 947 977 nomen
976 913 1158 977 Heumanni
1189 933 1291 995 neque
1319 916 1423 995 potest

279 1014 406 1080 omnino
432 1015 499 1080 eius
524 1020 615 1080 notas
639 1019 806 1102 neglegere
827 1020 882 1102 qui
904 1020 1003 1085 libros
1022 1020 1179 1084 Lactantii
1197 1020 1340 1084 adhibita
1359 1023 1422 1083 arte

278 1121 388 1184 critica
415 1125 550 1186 tractare
578 1125 659 1188 uult.
689 1126 856 1208 Perperam
879 1126 1104 1190 Heumannum
1134 1127 1312 1210 aenigmata
1336 1126 1422 1210 Sym-

195 1271 198 1276 ,
277 1227 382 1308 phosii
392 1228 543 1294 tribuisse
553 1231 717 1296 Lactantio
727 1232 928 1315 primumque
939 1233 1070 1298 editioni
1080 1233 1241 1316 scriptoris
1254 1233 1420 1308 addidisse,

277 1337 362 1399 recte
395 1355 470 1400 uero
505 1355 629 1400 carmen
656 1338 704 1401 De
735 1339 884 1421 passione
916 1339 1046 1404 Domini
1083 1340 1121 1404 ab
1160 1359 1196 1404 co
1226 1339 1420 1404 abiudicasee

276 1441 339 1504 iam
362 1465 393 1523 p.
417 1443 584 1507 XXXVIH
608 1447 640 1508 ct
662 1444 753 1508 XXII
777 1465 819 1512 ss.
844 1445 1095 1510 demonstratum
1120 1449 1177 1512 est.

322 1536 404 1610 ΧΗ.
431 1550 531 1615 Venio
551 1551 682 1615 adeum
706 1552 859 1616 editorem
883 1571 943 1635 quo
963 1572 1055 1618 nemo
1080 1573 1232 1635 umquam
1250 1553 1365 1617 melius
1384 1552 1420 1616 de

276 1657 441 1722 Lactantio
470 1658 603 1723 meritus
633 1662 692 1737 eet,
722 1660 812 1724 cuius
842 1660 937 1725 editio
966 1661 1049 1724 inter
1082 1680 1136 1726 ecs
1166 1665 1216 1726 est
1243 1661 1341 1725 libros
1369 1661 1420 1742 qui

277 1783 451 1846 numquam
475 1766 687 1844 obsolescent
714 1767 768 1849 qui
793 1787 984 1850 quamquam
1007 1786 1091 1831 nunc
1119 1767 1246 1850 neglegi
1275 1767 1358 1832 solet
1383 1766 1419 1829 ab

276 1869 316 1933 iis
351 1871 404 1952 qui
437 1871 602 1937 historiam
634 1873 828 1956 philologiae
863 1874 1015 1952 scribunt,
1039 1875 1122 1938 inter
1153 1873 1419 1955 praeclarissimos

276 1978 382 2040 tamen
406 1979 587 2062 philologos
612 1999 691 2062 quos
716 1982 880 2046 saeculum
903 1981 1010 2044 XVHI
1033 1981 1109 2044 tulit
1131 1980 1343 2044 numerandus
1363 1982 1419 2055 est,

277 2083 346 2148 dico
379 2085 555 2150 Ioannem
587 2087 825 2169 Ludolphum
857 2088 1171 2152 Buenemannum.
1204 2087 1285 2152 Cum
1308 2087 1371 2152 iam
1393 2105 1418 2148 a.

278 2192 363 2254 1716
382 2191 414 2254 in
429 2192 644 2257 Miscellaneis
664 2193 831 2275 Lipsiens,
850 2194 898 2256 ΠΙ
916 2215 946 2276 p.
969 2196 1031 2258 115
1052 2213 1106 2269 ss,
1126 2193 1280 2258 rationem
1299 2189 1419 2256 futurae

277 2298 434 2361 Lactantii
459 2298 606 2362 editionis
631 2299 829 2381 explicasset,
857 2319 956 2381 paene
984 2299 1100 2383 uiginti
1129 2299 1267 2381 quinque
1296 2298 1420 2362 demum

277 2405 351 2485 post
388 2423 485 2468 annos
523 2407 684 2468 maturum
721 2406 930 2488 plurimorum
972 2407 1243 2488 maximorumque
1279 2406 1419 2470 laborum

275 2510 416 2574 fructum
440 2510 539 2575 edidit
562 2512 599 2596 (Ι.
624 2512 664 2575 ΙΙ.
689 2512 840 2595 Lipsiae
866 2512 989 2596 1739).
1012 2513 1187 2578 Putauerat
1213 2512 1417 2576 Heumannus

276 2634 345 2678 eam
369 2635 439 2680 esse
463 2618 680 2682 condicionem
703 2622 808 2683 tentus
832 2620 1039 2696 Lactantiani‚
1067 2622 1105 2683 ut
1131 2619 1193 2683 nisi
1226 2619 1360 2683 secando
1389 2619 1419 2680 et

258 2721 393 2786 'urendo
419 2723 457 2785 ad
481 2724 649 2788 sanitatem
672 2725 799 2788 restitui
821 2745 883 2790 non
901 2727 1024 2808 posset:
1050 2728 1159 2789 contra
1177 2726 1416 2788 Buenemannus

274 2829 450 2909 permultos
470 2830 571 2901 ¹locos
604 2834 697 2895 antea
728 2832 759 2894 in
794 2832 1025 2895 dubitationem
1056 2834 1189 2896 uocatos
1223 2849 1316 2894 sanos
1351 2848 1416 2893 esse

275 2934 454 3012 ostendens,
478 2934 655 3001 'clummodo
684 2942 769 3001 recte
797 2920 1028 3015 tractarentur,¹
1046 2938 1122 3002 artis
1152 2938 1279 3002 criticae
1307 2937 1339 2999 in
1363 2936 1416 2998 La-

274 3041 393 3106 ctantio
417 3041 609 3106 factitandae
634 3063 795 3107 summum
819 3044 959 3108 officium
983 3046 1084 3108 multo
1109 3044 1211 3128 magis
1235 3043 1267 3107 in
1296 3061 1415 3107 conser-

275 3148 378 3214 uando
399 3169 494 3232 quam
509 3149 542 3212 in
558 3151 741 3232 corrigendo
761 3151 904 3233 positum
924 3169 994 3215 csse
1014 3153 1047 3214 et
1064 3152 1157 3214 illum
1178 3153 1210 3214 et
1227 3149 1415 3232 posteriores

275 3254 393 3320 docuit.
425 3258 497 3321 Non
529 3245 631 3321 minor
664 3259 714 3320 est
745 3276 895 3320 numerus
930 3276 1038 3321 comm
1067 3258 1210 3322 locorum
1241 3256 1275 3319 in
1304 3255 1414 3337 quihus

273 3380 345 3425 cum
371 3352 500 3427 codices
521 3362 738 3445 editioneeque
763 3362 963 3441 fluctuarent,
982 3364 1226 3427 Buenemannus
1245 3381 1326 3444 quae
1345 3381 1416 3424 uera

273 3471 360 3532 esset
391 3470 485 3534 lectio
520 3470 718 3534 diiudicauit.
753 3467 814 3547 Qui
844 3488 1013 3534 successus
1040 3470 1090 3533 illi
1116 3470 1253 3551 primum
1283 3488 1318 3533 ec
1348 3487 1414 3532 con-

270 3575 422 3659 tigerunt
456 3576 541 3658 quod
573 3595 791 3658 quaecumque
823 3578 934 3658 posset
966 3576 1109 3640 subsidia
1141 3579 1173 3640 et
1209 3575 1355 3639 codicum
1386 3576 1416 3637 et

272 3681 448 3746 editionum
463 3682 525 3746 eibi
539 3682 723 3765 conparauit
742 3684 835 3763 atque
849 3682 1005 3764 plurimos
1023 3682 1097 3746 illos
1118 3682 1204 3745 riuos
1222 3680 1413 3762 riuulosqua

272 3789 306 3852 id
330 3789 414 3871 quod
437 3809 530 3854 nemo
558 3789 699 3871 priorum
726 3788 854 3865 lecerat,
882 3789 915 3852 in
944 3808 1043 3853 unum
1072 3789 1163 3870 quasi
1192 3789 1318 3852 alueum
1347 3805 1414 3851 con-

272 3896 371 3960 duxit.
408 3896 481 3977 Ipse
520 3895 645 3960 codices
683 3898 776 3959 antea
811 3895 939 3978 ignotos
977 3914 1095 3978 paucos
1138 3893 1261 3958 addidit
1302 3911 1414 3974 eosque

272 4006 416 4067 recentes
439 4003 492 4084 (of.
516 4002 652 4067 Praefat.
677 4001 732 4065 fol.
756 4003 776 4065 b
802 4003 822 4065 4
846 4023 875 4066 n.
900 4004 953 4066 40.
984 4005 1036 4066 42.
1067 4004 1213 4076 43-47;
1243 4001 1281 4064 de
1311 3999 1414 4064 codice

272 4110 459 4173 [taurinensi
474 4110 640 4191 ldpitomae
656 4109 696 4175 ct.
712 4108 787 4174 edit.
803 4112 901 4173 nostr.
921 4112 999 4191 part.
1021 4110 1036 4172 Ι
1055 4130 1085 4192 p.
1106 4108 1275 4191 LXXVII).
1295 4105 1413 4170 Deinde

274 4235 369 4279 usum
407 4216 576 4280 uerborum
610 4217 642 4278 et
677 4234 783 4278 rerum
819 4215 1106 4298 grammaticarum,
1145 4216 1246 4277 totam
1284 4212 1413 4293 denique

275 4323 445 4387 dictionem
473 4321 629 4384 Lactantii
658 4323 690 4385 et
716 4321 861 4403 plurimis
891 4322 959 4386 cius
986 4321 1088 4404 ipsius
1116 4319 1196 4385 locis
1221 4317 1413 4384 conferendis
