3110 5004
214 452 275 514 166
559 521 563 526 Ι
701 449 842 502 Vetera

212 645 431 710 suffarcinatus
461 646 571 709 exierit
599 646 636 708 de
661 647 807 729 Aegypto
833 645 1006 728 Cyprianus
1036 650 1068 708 et
1096 645 1205 710 doctor
1234 647 1362 710 suauis-

212 751 311 816 simus
346 754 378 816 et
410 755 530 835 martyr
561 752 782 821 beatissimus,
817 755 934 833 quanto
967 753 1204 828 Lactantius,
1239 756 1362 834 quanto

211 859 393 924 Victorinus
410 857 545 942 Optatus
571 859 739 924 Hilarius?
768 877 825 923 nos
846 859 992 923 addimus
1016 859 1220 924 Ambrosium
1239 861 1362 942 ipsum-

211 987 272 1048 que
290 966 507 1049 Augustinum
533 969 627 1048 atque
651 965 879 1049 Hieronymum
903 968 1087 1048 multosque
1113 967 1191 1031 alios
1215 967 1362 1031 innume-

210 1073 326 1136 rabiles
352 1072 500 1138 Graecos.

740 1268 825 1332 XVI.

254 1391 469 1466 Eucherius,
487 1391 590 1472 Epist.
607 1393 649 1454 od
667 1391 824 1455 Valeriae.
838 1414 870 1472 p.
887 1397 954 1455 300
969 1415 993 1458 s.
1009 1391 1212 1456 Brassieom:
1226 1390 1362 1454 Possem

211 1501 317 1576 etiam,
352 1499 413 1563 nisi
446 1499 578 1582 longum
613 1504 708 1576 esset,
743 1501 865 1564 multos
898 1520 934 1564 ex
965 1499 1140 1564 innumeris
1173 1497 1362 1560 nominatim

209 1605 359 1682 retexere,
384 1605 494 1685 quanti
518 1605 549 1667 in
574 1607 703 1669 saeculo
731 1606 915 1669 inlustrium
945 1605 1084 1669 uiromm
1108 1605 1187 1668 hane
1211 1604 1362 1668 artiorem
1410 1679 1412 1684 ι

212 1711 312 1774 diuini
346 1713 453 1775 cultus
487 1712 724 1776 obseruantiam
757 1713 921 1794 uitamque
954 1712 1068 1776 sectati
1100 1713 1192 1776 sunt:
1227 1730 1410 1792 quorum10

209 1821 317 1881 tamen
343 1820 486 1900 exempla
509 1837 548 1881 ue
573 1821 687 1882 cuneta
706 1819 834 1901 penitus
855 1819 1010 1893 omittam,
1032 1820 1148 1882 cursim
1169 1837 1269 1901 panea
1288 1818 1362 1879 sub-

210 1927 334 1988 nectam
454 1929 500 2006 (p.
526 1929 607 2006 301)
723 1925 866 1990 Hilarius
898 1945 997 2008 nuper
1031 1929 1062 1989 et
1093 1927 1124 1989 in
1153 1926 1246 1989 ltalia
1277 1944 1362 1988 nunu

210 2031 345 2095 antistes
364 2033 547 2110 Petronius,
573 2034 666 2097 ambo
688 2053 723 2096 ex
742 2034 799 2096 illa
816 2033 1003 2115 plenissima
1022 2036 1059 2096 ut
1077 2035 1166 2098 aiunt
1184 2032 1363 2097 mundanae

208 2140 383 2221 potestatis
412 2139 497 2217 sede,
527 2160 610 2204 unus
634 2141 666 2204 in
691 2141 866 2224 religionis,
892 2141 975 2204 alius
999 2142 1031 2203 in
1057 2141 1225 2205 sacerdotii
1248 2158 1363 2204 nomen
1415 2193 1418 2198 .

210 2245 366 2311 aseendit.
406 2249 437 2309 et
461 2247 585 2328 quando
611 2248 809 2313 clarissimos
834 2247 982 2311 facundia
1004 2248 1233 2312 Firmianum
1257 2249 1363 2312 Minu·
1385 2277 1411 2314 15

210 2353 296 2415 oium
322 2353 510 2436 Cyprianum
536 2355 694 2418 Hilarium
720 2352 869 2418 loannem
893 2355 1096 2419 Ambrosium
1124 2375 1157 2418 ex
1186 2356 1241 2419 illo
1270 2356 1362 2419 uolu-

209 2459 293 2522 mine
317 2460 557 2525 numerositatis
583 2462 755 2526 euoluam‘?
789 2461 930 2524 dixerant
958 2461 1050 2525 eredo
1077 2462 1163 2524 ethi
1189 2462 1251 2526 sibi
1274 2463 1361 2542 quod

209 2565 336 2645 quidam
364 2570 544 2631 nostrorum
575 2568 628 2634 ait.
654 2587 725 2631 eum
751 2587 784 2630 se
813 2586 831 2628 a
859 2569 986 2632 saeculo
1015 2569 1047 2630 in
1075 2569 1155 2632 hane
1183 2569 1357 2632 beatiorem

209 2672 309 2735 uitam
334 2673 395 2736 hoe
418 2675 511 2737 uelut
534 2673 664 2738 stimulo
689 2675 871 2743 concitaret,
897 2674 1037 2737 dixerant
1061 2674 1174 2739 oredo:
1200 2675 1361 2756 quidhoc

209 2780 279 2842 est?
304 2783 440 2863 snrgunt
462 2780 582 2844 iudooti
606 2783 638 2843 et
662 2781 782 2843 eaelum
807 2781 943 2862 rapiunt.
970 2783 1002 2844 et
1025 2801 1082 2844 nos
1107 2800 1180 2845 oum
1205 2781 1358 2846 doctrinis
1374 2811 1411 2848 2⁰

208 2885 323 2949 nostris
356 2905 428 2950 eooe
461 2887 516 2950 ubi
543 2887 575 2949 in
605 2905 695 2950 came
727 2888 911 2951 uolutamur
943 2891 975 2950 et
1008 2888 1180 2970 sanguiue!
1214 2888 1357 2951 dixerant

207 2992 294 3054 istud
310 2994 343 3056 et
358 2992 474 3057 ideireo
489 2994 552 3076 ipsi
566 2997 679 3076 postea
697 2993 764 3056 uim
779 2995 956 3058 intulerunt
970 3013 1066 3077 regno
1082 2994 1137 3074 (of.
1146 2992 1221 3060 laea
1229 2998 1278 3068 16,
1285 2998 1355 3076 16).

733 3257 833 3320 XVII.

252 3380 493 3458 Apollinaris
518 3379 710 3456 Salonius,
741 3381 843 3463 Epist.
871 3381 974 3456 11⁷3,
1002 3387 1022 3444 7
1049 3389 1097 3461 (p.
1124 3385 1174 3461 55,
1199 3387 1244 3446 25
1276 3382 1362 3446 Luet

199 3487 361 3567 johanni·
399 3488 465 3550 lam
500 3488 527 3551 si
561 3489 599 3550 ad
633 3493 850 3554 sacrosanctos
887 3493 992 3572 patres
1028 3508 1084 3571 pro
1123 3490 1360 3572 comparatione
1382 3524 1408 3560 25

206 3594 366 3660 ueniatur.
400 3595 531 3658 instruit
562 3597 619 3674 (se.
653 3595 802 3659 Mamerti
836 3595 1001 3660 Claudiani
1033 3596 1080 3660 De
1114 3599 1199 3660 statu
1232 3598 1359 3662 animae

206 3701 303 3774 liber)
331 3704 369 3762 ut
396 3701 623 3785 Hieronymus,
658 3703 795 3766 destruit
823 3706 860 3766 ut
887 3704 1125 3773 Lactantius.
1156 3706 1292 3769 adstruit
1321 3710 1360 3769 ut

207 3806 417 3889 Augustinus.

243 3946 276 4012 ef.
297 3947 390 4000 testim.
411 3948 459 4000 IX
478 3948 636 4015 (destruxit)

725 4145 841 4208 XVllI.

255 4264 490 4340 (lenitudine,
521 4266 569 4328 De
599 4269 657 4331 uir.
687 4267 741 4330 irrl.
769 4267 851 4330 XV:
880 4270 1110 4333 Tertullianum
1140 4273 1172 4334 et
1199 4271 1355 4333 Luctan-
1378 4307 1405 4342 ao

206 4373 299 4434 tium
325 4375 357 4434 et
374 4373 503 4455 Papiam
524 4377 668 4440 auctores
689 4378 819 4440 secutus
839 4378 896 4458 (so.
918 4375 1182 4460 Commodianus)
1200 4377 1355 4440 moralem
