3164 5000
290 427 338 488 ‚30
659 424 853 476 Firmiani
881 424 1069 478 Laetanti

296 638 407 682 sensus
425 619 480 682 ille
500 621 555 702 qui
579 619 695 684 dicitnr
716 638 817 696 mens,
842 637 879 682 ea
903 637 982 700 quae
1007 622 1083 683 sunt
1103 619 1182 684 foris
1200 620 1376 701 transpicit,
1397 641 1436 684 ne

294 725 375 789 forte
400 726 560 790 existimes
585 729 641 790 aut
658 724 833 808 imaginum
849 725 1029 790 incursione
1048 744 1106 789 nos
1126 743 1261 803 cernere,
1280 729 1317 789 ut
1333 726 1437 808 philo·

291 833 388 915 sophi
412 833 581 909 disserunt,
606 833 753 915 quoniam
786 832 915 896 uidendi
947 832 1088 897 officium
1119 832 1151 896 in
1185 851 1221 896 eo
1246 832 1341 896 dehet
1364 851 1436 896 esse

298 941 382 1022 quod
405 939 504 1015 uidet,
527 959 588 1005 non
612 941 645 1004 in
669 959 706 1004 eo
731 940 815 1022 quod
837 939 973 1016 uidetur,
995 943 1050 1004 aut
1068 939 1242 1004 intentione
1262 940 1342 1004 aeris
1361 957 1437 1002 cunr
1560 1016 1561 1019 Ἴ

295 1047 362 1110 acie
396 1050 451 1110 aut
483 1046 635 1111 effusione
667 1046 837 1122 radiomm
872 1046 1020 1128 qnoniam
1053 1047 1081 1110 si
1112 1046 1158 1110 ita
1190 1050 1285 1118 esset,
1313 1045 1436 1110 tardius
1470 1067 1481 1103 a

300 1173 394 1235 quam
418 1155 526 1218 oculos
551 1152 746 1218 aduertimus
769 1152 962 1228 uideremus,
991 1152 1090 1218 donec
1116 1154 1259 1217 intentus
1287 1172 1340 1216 aer
1362 1171 1437 1216 cum

296 1261 362 1324 acie
387 1262 442 1323 ant
465 1259 557 1324 effusi
578 1259 659 1323 radii
682 1258 777 1322 adid
800 1258 885 1340 quod
911 1258 1085 1322 uidendum
1113 1261 1199 1323 esset
1225 1258 1436 1341 peruenirent.

241 1377 370 1430 11cum
404 1369 510 1430 autem
542 1365 708 1430 uideamus
741 1365 853 1429 eodem
879 1368 1040 1430 momento
1063 1366 1226 1447 temporis,
1249 1366 1437 1449 plerumque

298 1492 375 1539 uero
399 1474 486 1538 alind
518 1477 647 1557 agentes
679 1472 886 1538 nihilominus
917 1476 1024 1536 tamen
1053 1473 1202 1536 uniuersa
1224 1491 1303 1553 quae
1328 1475 1439 1538 contra

298 1584 375 1645 sunt
395 1580 500 1664 posita
522 1585 677 1647 tueamur.
701 1581 808 1645 uerius
842 1582 874 1644 et
900 1580 1100 1644 manifestius
1130 1583 1179 1644 est
1202 1584 1342 1644 mentem
1365 1597 1437 1643 esse
1456 1598 1480 1634 1⁰

298 1708 376 1770 quse
400 1707 456 1769 per
479 1689 588 1752 oculos
613 1705 649 1752 ea
673 1706 752 1768 quae
780 1691 855 1751 sunt
883 1687 1028 1770 opposita
1055 1687 1240 1770 transpiciat
1267 1686 1358 1768 quasi
1382 1705 1439 1766 per
1559 1673 1560 1700 ἰ

244 1801 278 1853 12
297 1795 452 1859 fenestras
475 1795 656 1876 perlucente
679 1793 763 1858 uitro
787 1798 843 1858 aut
866 1794 1024 1876 speculari
1046 1792 1150 1874 lapide
1175 1793 1339 1858 obductas.
1407 1795 1439 1856 et

295 1901 413 1966 idcirco
445 1920 534 1965 mens
569 1919 604 1965 ac
636 1901 786 1965 uoluntas
820 1919 855 1964 cr
888 1901 989 1964 oculis
1022 1919 1116 1981 saepe
1144 1899 1326 1964 dinoscitur.
1353 1898 1445 1981 quod,

298 2009 425 2090 quidem
458 2011 495 2071 ut
526 2007 684 2072 refelleret
715 2007 893 2085 Lucretius,
925 2006 1124 2089 ineptissimo
1157 2025 1236 2070 usus
1268 2009 1319 2070 est
1346 2025 1438 2088 argn-

298 2119 415 2179 mento.
440 2115 472 2179 si
497 2115 593 2178 enim
616 2133 718 2179 mens
743 2114 847 2195 inquit
869 2133 933 2197 per
956 2114 1089 2179 oculos
1112 2113 1229 2190 uidet,
1255 2113 1376 2177 erutis
1403 2115 1439 2176 et
1457 2135 1479 2172 1⁵
1559 2129 1560 2196 ξ

296 2222 454 2286 effossis
479 2221 604 2286 oculis
628 2221 748 2304 magis
771 2220 932 2294 uideret,
962 2221 1139 2302 quoniam
1168 2221 1325 2284 euulsae
1356 2238 1439 2282 oum
1559 2207 1560 2230 ¹

295 2329 474 2410 postibus
498 2328 599 2392 fores
623 2328 709 2410 plus
732 2327 904 2416 inferunt
925 2327 1081 2392 luminis
1106 2345 1214 2408 quam
1238 2326 1269 2390 si
1291 2325 1440 2390 fuerint

247 2443 280 2495 13
298 2435 499 2499 obductae.
590 2435 739 2498 nimirum
771 2433 834 2514 ipsi
865 2434 918 2498 uel
954 2433 1061 2516 potins
1098 2433 1235 2514 Epicuro
1273 2433 1327 2515 qui
1365 2451 1439 2496 eum

299 2541 406 2605 docuit
430 2541 536 2606 effossi
560 2542 645 2606 oculi
669 2545 765 2618 erant,
790 2561 829 2605 ne
853 2541 978 2605 uideret
1001 2540 1133 2605 effossos
1159 2541 1248 2604 orbes
1273 2543 1304 2604 et
1326 2542 1437 2621 mptas

300 2648 463 2712 oculorum
486 2649 580 2713 fibras
604 2651 636 2711 et
658 2649 809 2712 fluentem
832 2667 888 2730 per
910 2667 1008 2712 uenas
1032 2647 1217 2730 sanguinem
1242 2649 1274 2710 et
1297 2664 1438 2710 crescen-
1455 2667 1479 2704 ao

299 2759 348 2818 tes
373 2774 409 2819 er
431 2754 616 2818 uulneribus
640 2774 748 2819 carnes
773 2758 805 2819 et
832 2755 985 2819 obductas
1019 2755 1058 2818 ad
1089 2754 1240 2818 ultimum
1273 2753 1437 2817 cicatrices
1543 2770 1547 2778 ·

298 2861 377 2923 nihil
399 2881 494 2942 posse
516 2862 597 2925 lucis
622 2861 799 2939 admittere,
828 2862 890 2925 nisi
916 2862 998 2928 forte
1028 2864 1137 2926 oculos
1162 2860 1290 2924 auribus
1315 2860 1437 2924 similes

384 3159 597 3214 AVCTORES
615 3162 647 3214 15
672 3163 718 3230 ss]
741 3161 818 3214 Lucr.
842 3160 885 3212 III
909 3160 960 3213 359
984 3176 1018 3211 ss.
1043 3159 1094 3210 367
1119 3175 1167 3220 ss.;
1193 3157 1225 3210 ci.
1252 3157 1285 3210 de
1308 3156 1435 3208 hocloco

297 3248 386 3302 'Lact¹
405 3266 432 3300 u.
452 3249 546 3302 Lacr!
565 3267 589 3318 p.
610 3250 661 3302 232
680 3268 701 3303 s.

330 3441 403 3512 BV]
431 3444 444 3496 1
474 3460 548 3496 mens
578 3444 618 3513 ea]
642 3445 678 3508 B,
711 3460 786 3496 niens
819 3459 850 3496 ea
884 3459 934 3511 que
969 3442 1068 3495 dicitur
1100 3459 1175 3494 mens
1209 3458 1248 3503 ea,
1277 3440 1350 3492 liaeo
1384 3438 1434 3491 del.
1559 3495 1560 3498 ,

296 3547 438 3584 ea-mens
457 3549 491 3586 m.
510 3537 526 3585 1
548 3533 574 3586 V
643 3532 853 3600 Qnimaginum
877 3533 927 3597 fin,
947 3531 997 3584 ccicc
1015 3548 1041 3582 m
1060 3534 1110 3596 cr.)
1136 3529 1161 3580 V
1225 3529 1435 3598 *pooncursiones
1528 3519 1530 3524 ’
1559 3513 1560 3520 ¹

293 3620 354 3684 (sic,
373 3627 383 3672 l
402 3623 451 3687 er.)
466 3622 493 3673 B
566 3638 685 3675 cer-nere
706 3624 770 3687 (aot
788 3621 797 3672 i
816 3637 851 3674 cr.
872 3625 922 3672 oret
939 3637 957 3672 n
975 3635 1032 3672 ros.
1052 3636 1085 3672 ec
1102 3623 1142 3684 nr)
1162 3619 1188 3672 V
1241 3615 1435 3670 3dixernntB

294 3710 381 3765 acrba
394 3718 425 3765 ut
439 3712 596 3781 philosophi
611 3711 747 3764 disserunt
761 3715 824 3782 cote
839 3713 885 3762 ant
897 3709 1045 3777 imaginum
1055 3707 1186 3774 perterada
1200 3707 1260 3760 oid.
1309 3707 1324 3759 6
1340 3705 1435 3770 donec]

296 3801 409 3854 du'haec
436 3800 484 3862 15²,
513 3817 580 3854 corr.
608 3799 648 3852 13²
738 3801 752 3851 7
782 3800 873 3852 essent
902 3802 1081 3866 (quamquam
1109 3795 1256 3849 uidendum
1284 3796 1378 3861 habet)
1413 3793 1439 3846 V

294 3889 433 3958 9aliqnid
451 3889 478 3941 B
551 3890 657 3958 agentis
676 3890 723 3950 13¹,
743 3903 810 3941 corr.
829 3886 869 3938 B²
942 3887 1084 3956 reposita
1105 3885 1210 3940 suntB
1281 3885 1435 3937 intueamur

296 3977 372 4033 codd.
391 3994 452 4043 rec,
471 3979 530 4032 edd.
623 3979 654 4030 11
680 3993 747 4046 qnae
771 3977 828 4046 per]
851 3977 886 4038 B,
913 3993 980 4044 qkur
1007 3975 1050 4035 V¹,
1074 3977 1105 4029 ira
1129 3991 1181 4044 que
1204 3979 1270 4026 mut.
1295 3980 1321 4027 et
1338 3989 1359 4026 a.
1381 3974 1434 4040 tp

295 4067 360 4121 add.
380 4067 424 4132 V2,
443 4086 460 4137 p
479 4067 627 4121 renouauit
644 4066 681 4118 V³
735 4067 767 4120 12
785 4067 894 4119 lucente
913 4065 940 4117 V
992 4065 1026 4118 13
1045 4066 1174 4118 uoluntas
1193 4067 1225 4130 (n
1242 4079 1299 4116 ras,
1319 4079 1351 4116 ecc
1362 4065 1393 4131 p)
1412 4060 1436 4112 V

294 4158 327 4209 19
346 4157 470 4210 uiderent
489 4156 515 4209 V
621 4156 732 4209 effossus
751 4155 797 4219 131,
822 4171 890 4208 corr.
908 4153 955 4215 13³,
976 4155 1103 4215 effossos
1127 4153 1178 4207 V1?
1255 4155 1257 4158 ’
1295 4151 1366 4204 orbis
1385 4149 1432 4208 13¹,

294 4263 363 4300 corr.
377 4245 417 4298 132
472 4245 601 4299 etom.B
663 4246 694 4298 al
716 4245 853 4298 cicatrices
873 4247 927 4311 (pr.
943 4245 1022 4296 iras.
1043 4247 1121 4310 ean)
1141 4243 1168 4296 V
1231 4242 1267 4294 22
1285 4240 1373 4310 possit
1392 4239 1434 4305 V¹,

290 4352 382 4404 posse*
405 4334 441 4387 V²
1180 4353 1181 4356 ¹
