3110 5004
204 448 268 512 164
703 437 845 488 Vetera

202 641 402 707 scholasticis
430 640 533 723 magis
561 639 626 702 sint
654 639 727 718 apta
750 654 844 718 quam
868 634 969 712 nobis,
995 634 1032 696 de
1057 633 1165 697 metris
1190 636 1221 696 et
1243 634 1348 718 regie-

201 769 276 812 num
301 747 367 813 situ
392 750 424 811 et
446 744 645 829 philosophis
670 742 873 825 disputantia.

237 885 369 953 epistulas
384 885 422 937 ud
435 885 556 938 Probum
575 885 718 938 Damasus
735 887 857 950 spectare
874 882 941 946 uid,
961 881 996 947 ef.
1016 880 1078 933 Ueb.
1100 880 1125 932 d.
1146 879 1347 948 Baistebuups-

200 976 269 1028 verb.
285 991 316 1042 p.
335 976 391 1027 125
409 989 429 1026 s.
531 974 546 1025 2
566 979 632 1026 ‘ueu
650 971 738 1040 pauci
761 970 838 1024 codd.
860 969 1040 1039 disputantia,
1061 968 1114 1022 alii
1133 967 1347 1037 disputantibus

206 1063 365 1118 Vallursius

733 1236 818 1303 VIIl.

246 1363 510 1445 Hieronymus,
540 1361 590 1426 De
617 1363 677 1426 uir.
709 1361 761 1427 iul.
791 1359 891 1424 CXI:
919 1361 1042 1424 Acilius
1068 1360 1205 1425 Seuerus
1234 1361 1266 1422 in
1287 1357 1349 1422 Hi·
1389 1343 1393 1358 ¹

202 1471 326 1554 spania,
365 1470 402 1533 de
441 1489 554 1552 genere
590 1469 678 1533 illius
712 1468 821 1534 Seueri
859 1469 899 1531 ad
931 1487 1025 1549 quem
1057 1467 1249 1531 Lactantii
1274 1467 1349 1529 due
1388 1497 1401 1532 5

202 1578 455 1660 epistularum
480 1576 662 1641 scribuntur
684 1577 783 1650 libri,
809 1575 977 1658 conposuit
999 1574 1223 1640 uolumen...

238 1718 270 1771 da
297 1716 340 1770 bis
362 1715 470 1770 Seueris
489 1716 523 1782 ef.
544 1715 576 1767 de
594 1714 686 1776 Rosci,
707 1714 860 1768 Bullettiuo
885 1714 915 1767 di
939 1713 1111 1782 urcbeolepiu
1131 1712 1275 1774 cristiana,
1295 1728 1348 1766 ser.

201 1805 256 1870 IV,
275 1805 354 1859 Rem.
374 1806 535 1868 raas-89,
551 1821 580 1870 p.
603 1806 642 1855 47
658 1819 679 1855 s.
719 1804 752 1855 16
767 1805 793 1856 in
809 1803 1006 1872 Hispanicum.
1022 1801 1231 1870 antiquissimus
1244 1801 1347 1854 Hiero-

200 1895 276 1963 upmi
295 1895 379 1948 cedere
396 1893 546 1946 Parisiuus
564 1894 651 1945 12161
668 1907 738 1946 saec.
764 1891 836 1957 VII;
856 1892 890 1959 cf.
907 1892 972 1944 edit.
994 1890 1142 1958 Herdiupii
1155 1906 1185 1958 p.
1206 1891 1262 1942 XL

642 2114 644 2119 -
747 2072 801 2136 IX.

246 2197 504 2279 Hieronymus,
530 2196 630 2276 Epist.
655 2195 782 2259 LVIII
799 2199 841 2257 10
865 2195 906 2277 (I
924 2199 990 2260 324
1014 2195 1083 2274 B):
1113 2196 1348 2262 Lactantius,

203 2305 293 2387 quasi
317 2305 445 2386 quidam
464 2303 582 2367 fluuius
602 2303 801 2385 eloquentiae
821 2302 993 2379 Tullianae,
1014 2303 1135 2370 utinam
1154 2306 1218 2365 tam
1240 2306 1350 2366 nostra

203 2412 365 2476 adfirmare
388 2411 549 2493 potuisset
572 2429 665 2492 quam
689 2410 781 2473 facile
806 2409 908 2474 aliena
932 2409 1104 2474 destruxit!
1373 2439 1398 2474 ιο

755 2624 793 2688 X.

248 2746 509 2829 HiereupruuS,
543 2744 707 2810 Commeat.
741 2747 775 2809 iu
802 2746 923 2810 Iseieru
951 2747 970 2811 l.
1005 2746 1097 2810 VIII
1114 2748 1249 2830 praefui.
1279 2746 1355 2830 (IV

202 2858 249 2917 28
274 2855 316 2936 s.)
328 2874 338 2914 :
372 2853 463 2918 Certe
491 2872 548 2917 nos
578 2853 729 2918 studiosis
750 2854 917 2918 scribimus
938 2856 970 2917 et
993 2857 1134 2919 sanctam
1159 2855 1349 2935 scripturam

205 2961 285 3041 seire
309 2959 520 3040 cupientibus,
546 2979 606 3024 nen
630 2958 805 3024 fastidiosis
830 2962 862 3023 et
889 2960 928 3023 ad
957 2959 1082 3044 singula
1109 2959 1350 3023 nauseantibus.

205 3068 259 3150 qui
282 3067 310 3132 si
333 3067 449 3130 flumen
473 3066 670 3148 eloquentiae
695 3068 727 3130 et
755 3065 923 3131 concinnas
953 3066 1198 3131 declamationes
1228 3066 1399 3134 deside-15
1495 3063 1498 3069 ’

204 3176 284 3250 rant,
312 3174 421 3257 legant
444 3173 583 3236 Tullium
612 3170 843 3251 Quintilianum
868 3171 1046 3236 Gallionem
1072 3172 1293 3250 Gabinianum,
1321 3175 1354 3237 et

207 3284 243 3344 ut
279 3280 318 3343 ad
354 3283 478 3346 nestros
510 3280 650 3357 ueniam,
684 3280 915 3344 Tertullianum
949 3279 1139 3362 Cyprianum
1172 3280 1352 3344 Minucium

206 3386 379 3452 Amobium
402 3386 641 3450 Lactantium
664 3386 832 3449 Hilarium.

752 3579 797 3641 XI

252 3700 510 3783 Hieronymus,
536 3699 639 3781 Epist.
666 3699 828 3765 XLVIII
845 3707 886 3765 13
905 3702 943 3789 (I
956 3708 1025 3769 220
1043 3703 1096 3782 Β;
1120 3707 1153 3769 iu
1177 3707 1355 3787 defeusioue
1374 3741 1402 3777 20

208 3808 356 3870 librorum
379 3811 485 3872 ceutre
508 3807 712 3872 Iouiuu'uuuue
734 3809 952 3895 sueruru):...
974 3811 1142 3876 didicimus
1166 3792 1257 3894 plura
1281 3833 1353 3878 esse

209 3915 360 3979 uidelicet
383 3934 498 3998 genera
522 3916 647 3980 dicendi
671 3920 703 3980 et
724 3917 808 3981 inter
827 3919 931 3982 cetera
950 3918 1036 3982 aliud
1056 3938 1127 3983 esse
1144 3928 1353 4002 γυμναστικῶς

210 4021 355 4099 seribere,
376 4022 462 4085 aliud
486 4021 690 4104 δογματικῶςε
715 4025 746 4087 in
765 4024 861 4107 priori
880 4044 994 4107 uagam
1014 4044 1084 4089 esse
1104 4025 1354 4107 disputationem

211 4129 243 4191 et
270 4127 450 4192 aduersario
477 4129 720 4210 respondentem
747 4149 830 4195 nunc
858 4132 936 4195 haec
969 4150 1052 4195 nunc
1084 4131 1140 4194 illa
1167 4150 1353 4214 proponere,

212 4235 422 4318 argumentari
444 4237 482 4298 ut
504 4235 592 4312 libet,
623 4235 709 4299 aliud
732 4237 830 4318 loqui,
856 4237 942 4301 aliud
971 4257 1120 4321 agere...
1145 4238 1176 4301 in
1206 4239 1355 4320 sequenti
1377 4273 1404 4311 25

211 4344 317 4404 autem
338 4345 444 4422 aperta
462 4341 548 4404 frons
569 4345 601 4404 et
615 4346 651 4405 ut
666 4343 711 4404 ita
726 4342 828 4406 dicam
847 4343 1026 4426 ingenuitas
1047 4346 1223 4408 necessaria
1242 4347 1291 4408 est
1304 4395 1310 4408 .
1325 4395 1354 4412 ..
