3164 5000
563 449 614 502 Dc
643 450 813 519 opificio
840 450 901 504 dei
928 452 1082 506 liberti.
1352 460 1394 522 23

249 645 390 728 perfecto
418 646 482 710 iam
510 646 597 729 operi
623 647 810 726 necessaria,
836 667 909 713 cum
935 649 1015 731 ipsis
1043 649 1256 740 fundamentis
1279 652 1395 734 pariter

251 753 402 832 ordiatur,
427 772 483 818 cur
506 753 601 818 deum
620 755 787 837 quisquam
805 759 897 838 putet
914 757 946 819 in
965 756 1183 822 machinandis
1203 759 1392 823 animalibus

250 880 314 925 non
338 863 409 925 ante
431 860 609 943 prouidisse
629 881 709 943 quae
729 863 768 924 ad
786 862 960 927 uiuendum
978 864 1156 928 necessaria
1174 868 1281 929 essent
1299 884 1394 947 quarn

250 969 354 1032 uitam
385 969 488 1052 ipsam
520 968 634 1032 daret?
667 988 748 1051 quae
780 970 891 1051 utique
924 973 1069 1034 constare
1100 989 1162 1035 non
1190 974 1309 1053 posset,
1332 971 1395 1036 nisi

218 1077 340 1158 sprius
364 1076 474 1140 effecta
498 1079 605 1140 essent
628 1076 744 1158 quibus
768 1079 902 1142 constat.
971 1077 1100 1140 uidebat
1123 1077 1222 1161 igitur
1238 1078 1394 1160 Epicurus
1431 1073 1446 1123 7

250 1183 284 1246 in
318 1183 500 1265 corporibus
533 1183 716 1268 animalium
749 1182 874 1246 diuinae
906 1183 1036 1248 rationis
1065 1184 1250 1259 sollertiam,
1280 1185 1336 1260 sed
1359 1187 1396 1248 ut

251 1289 392 1354 efficeret
424 1290 508 1372 quod
545 1292 617 1354 ante
650 1289 856 1372 inprudenter
895 1289 1125 1372 adsumpserat,
1163 1291 1279 1356 adiecit
1307 1291 1393 1354 aliud

226 1451 230 1459 .
251 1398 495 1462 deliramentum
515 1398 669 1480 superiori
694 1416 880 1482 congruens.
952 1397 1042 1490 ,dixit
1065 1398 1149 1461 enim
1171 1417 1290 1480 neque
1315 1417 1395 1462 ocu·
1431 1333 1540 1489 {tl

249 1508 311 1570 los
344 1505 387 1568 ad
419 1505 623 1569 uidendum
656 1523 739 1569 esse
768 1508 877 1570 natos
900 1486 1021 1586 necue
1042 1485 1155 1569 aures
1179 1505 1222 1568 a'd
1247 1505 1396 1569 audien·
1426 1520 1455 1621 p
1455 1492 1495 1591 J

200 1632 230 1668 10
251 1610 338 1675 dum
374 1631 493 1692 neque
534 1611 649 1694 pedes
687 1611 731 1674 ad
775 1611 1050 1689 ambulandum,
1089 1612 1263 1693 quoniam
1303 1612 1395 1676 haec

249 1720 416 1783 membra
438 1719 543 1800 prius
567 1720 654 1782 nata
677 1718 764 1796 sint,
790 1738 898 1800 quarn
928 1720 1032 1782 esset
1059 1737 1151 1782 usus
1179 1718 1335 1782 uidendi
1360 1721 1397 1782 et

251 1825 432 1890 audiendi
456 1827 493 1888 et
516 1825 743 1904 ambulandi,
769 1825 834 1889 sed
857 1826 988 1889 horum
1013 1824 1176 1889 omniurn
1201 1825 1334 1890 officie
1357 1846 1396 1889 er

250 1934 352 1998 natis
373 1933 559 1997 extitisse.
629 1951 741 1996 uereor
758 1951 796 1996 ne
815 1932 999 1996 huiusmodi
1017 1935 1163 2015 portenta
1178 1935 1210 1996 et
1224 1932 1396 1996 deridicula
1432 1927 1449 1978 9

249 2039 386 2102 refutare
409 2057 470 2102 non
494 2039 598 2102 minus
621 2039 764 2120 ineptum
788 2057 858 2102 esse
881 2038 1038 2117 uideatur,
1065 2038 1121 2102 sed
1144 2038 1224 2102 libet
1250 2038 1395 2119 ineptire,

199 2165 229 2202 15
251 2145 401 2226 quoniam
438 2163 511 2208 cum
547 2144 654 2226 inepto
693 2143 826 2228 agimus,
867 2163 906 2207 ne
944 2163 977 2208 se
1013 2144 1088 2207 ille.
1110 2144 1205 2209 nimis
1248 2147 1394 2229 argutum

251 2254 312 2334 put
331 2254 354 2316 t.
446 2251 521 2333 quid
553 2252 611 2329 ais,
639 2251 800 2334 Epicure?
833 2270 895 2315 non
929 2252 1003 2315 sunt
1033 2250 1117 2315 oculi
1150 2250 1189 2314 ad
1220 2251 1395 2315 uidendum
1414 2257 1448 2310 10

251 2358 345 2422 nati?
370 2377 426 2422 cur
448 2358 549 2441 igitur
570 2341 706 2422 uident?
730 2360 865 2439 postea
886 2356 993 2438 inquit
1016 2375 1141 2420 eorum
1169 2376 1261 2421 usus
1291 2358 1395 2440 appa-

251 2465 340 2528 ruit.
373 2465 502 2528 uidendi
535 2483 609 2548 crgo
643 2483 739 2529 causa
770 2465 835 2528 nati
860 2466 943 2541 sunt,
969 2463 1127 2545 siquidem
1155 2463 1235 2527 nihil
1262 2465 1398 2544 possunt

253 2571 340 2634 aliud
364 2591 458 2654 quam
485 2571 603 2636 uidere.
632 2572 710 2635 item
732 2571 873 2635 membra
896 2574 999 2636 cetere
1023 2571 1114 2634 cuius
1137 2571 1183 2634 rei
1207 2589 1303 2635 causa
1325 2572 1399 2634 nata

204 2703 234 2742 zo
254 2680 328 2758 sint,
351 2680 420 2761 ipse
435 2699 514 2744 usus
529 2678 686 2743 ostendit:
712 2679 765 2759 qui
784 2679 896 2759 utique
915 2678 1003 2741 nullo
1019 2677 1113 2742 modo
1128 2680 1238 2759 posset
1256 2678 1398 2756 existere,

253 2787 315 2852 nisi
334 2788 441 2851 essent
459 2786 600 2850 membra
614 2785 719 2848 omnia
731 2787 798 2848 tam
814 2785 965 2863 ordinate,
980 2787 1046 2848 tam
1060 2784 1261 2866 prouidenter
1277 2783 1397 2862 effecta,

252 2895 289 2956 ut
302 2911 398 2956 usum
410 2894 542 2974 possent
555 2892 680 2955 habere.
732 2891 808 2972 quid
824 2893 907 2956 enim
923 2891 950 2956 si
967 2891 1052 2956 dicas
1069 2910 1144 2955 aues
1159 2910 1221 2955 non
1236 2891 1276 2954 ad
1289 2892 1398 2955 uolan-
1417 2887 1449 2940 11

254 2998 330 3063 dum
346 3018 415 3064 esse
429 3000 519 3062 natas
534 3017 637 3080 neque
647 2997 729 3062 feras
740 2999 780 3061 ad
790 2998 996 3062 saeuiendum
1006 3017 1107 3080 neque
1117 2999 1222 3080 pisces
1238 2999 1276 3061 ad
1291 3001 1397 3062 natan·

254 3105 586 3187 dumnequehomincs
597 3105 636 3168 ad
647 3105 843 3186 sapiendum,
856 3123 928 3168 oum
939 3107 1087 3186 appareat
1102 3105 1131 3168 ei
1141 3107 1270 3168 naturae
1282 3104 1399 3169 officio-

206 3232 234 3274 25
253 3231 314 3293 que
337 3213 455 3277 seruire
479 3213 654 3277 animantes
665 3212 705 3276 ad
715 3212 801 3294 quod
812 3213 861 3276 est
871 3230 1014 3293 quaeque
1025 3214 1194 3295 generata?
1245 3210 1398 3276 seduide-
1417 3217 1450 3269 12

251 3319 329 3382 licet
348 3319 402 3401 qui
421 3339 578 3384 summam
596 3320 698 3401 ipsam
717 3318 863 3382 ueritatis
884 3317 1000 3394 amisit,
1022 3337 1146 3401 semper
1164 3319 1246 3382 erret
1264 3336 1393 3384 necesse

253 3428 311 3488 est.
360 3426 387 3490 si
420 3426 503 3490 enim
536 3445 597 3490 non
630 3425 840 3508 prouidentia,
870 3425 926 3488 sed
952 3423 1093 3488 fortuitis
1122 3427 1298 3488 atomorum
1323 3442 1399 3488 con-

253 3533 452 3598 cursionibus
480 3536 654 3598 nascuntur
682 3533 796 3611 omnia,
826 3551 883 3596 cur
909 3549 1081 3614 numquam
1114 3531 1245 3596 fortuito
1280 3530 1395 3594 accidit

341 3725 555 3779 AVCTORES
580 3730 594 3789 5
623 3727 639 3778 7
668 3727 700 3794 s]
731 3724 863 3793 Epicurea
897 3722 938 3776 ed.
973 3721 1076 3775 Usener
1102 3721 1152 3791 irg.
1177 3721 1229 3774 373
1259 3723 1295 3790 (p.
1323 3719 1397 3788 252).

251 3818 266 3877 ξ
286 3813 314 3882 8]
332 3813 409 3867 Lucr.
429 3811 466 3865 IV
484 3813 537 3867 822
557 3830 591 3865 ss
647 3811 763 3881 22-25]
784 3811 816 3864 cf.
839 3811 952 3876 Quintil.
972 3809 985 3862 I
1006 3811 1029 3873 l,
1053 3810 1066 3862 1

287 3919 361 3989 BV]
379 3919 395 3971 2
415 3937 475 3973 cum
493 3920 553 3974 edd.
613 3920 796 3989 4possentB
855 3917 1053 3971 boonstentB
1112 3915 1230 3976 tunm
1292 3914 1322 3966 11
1344 3914 1400 3966 sint

250 4009 357 4076 serapem,
381 4011 445 4062 sunt
467 4008 533 4073 BV,
557 4012 649 4062 essent
675 4008 811 4062 Usenerus
903 4007 947 4071 16,
966 4011 1030 4059 ante
1057 4021 1111 4057 non
1134 4021 1154 4058 s.
1180 4005 1197 4057 t.
1222 4004 1245 4055 si
1270 4001 1334 4056 odd.
1359 4000 1400 4054 13²

251 4097 338 4150 oeulis
353 4099 378 4163 (s
397 4101 449 4166 er.)
467 4099 495 4151 B
578 4097 845 4167 luporumque
864 4113 968 4156 eorumJ
992 4095 1017 4146 V
1086 4093 1309 4163 apparatae.
1330 4107 1346 4144 a
1365 4107 1399 4145 ea

252 4186 308 4253 c?)
327 4185 354 4237 V
420 4187 453 4239 18
473 4191 621 4255 causeam
641 4190 690 4254 er.)
715 4187 742 4239 V
808 4187 841 4238 19
862 4202 955 4238 censae
974 4184 1001 4238 V
1054 4182 1181 4236 20111110
1202 4184 1322 4249 (opert.
1341 4197 1399 4234 ras.

252 4273 492 4341 aaa?m.2?)V
526 4276 558 4329 21
575 4275 739 4329 ordinataV
773 4275 806 4327 22
821 4275 843 4328 si
858 4274 970 4328 enimV
1021 4270 1212 4336 ,anesuomV
1248 4272 1283 4325 24
1296 4273 1399 4323 naturae

253 4371 282 4429 (e
298 4363 363 4416 add.
379 4381 412 4418 ra.
428 4364 501 4431 2)B
554 4364 589 4416 25
609 4363 661 4416 a‘d7
680 4363 707 4416 V
776 4363 906 4417 uidelicet
922 4365 975 4431 (pr.
992 4379 1006 4416 e
1022 4363 1090 4423 eei)
1108 4361 1135 4415 V
1185 4360 1220 4414 26
1234 4362 1322 4422 erret
1339 4357 1392 4411 V1?
