3164 5000
471 437 722 508 Devopificio
752 439 814 493 dei
840 440 946 494 liber
973 442 1053 494 4-5.
1296 448 1336 510 19

188 633 403 714 conprehendi
435 636 566 714 queunt.
600 651 683 698 nunc
716 632 754 698 de
786 633 855 715 ipso
889 653 965 698 uase
1003 635 1140 701 hominis
1177 637 1338 718 loquimur

191 739 278 821 quod
300 739 457 804 uidemus.

237 850 267 911 5.
319 847 354 911 In
378 847 532 931 principio
558 867 631 912 cum
656 847 734 912 deus
767 847 902 931 fingeret
935 848 1092 927 animalia,
1115 851 1219 914 noluit
1242 870 1278 915 ea
1301 853 1370 915 inl

189 953 358 1018 rotundam
386 952 505 1017 formae
534 952 673 1035 speciem
702 953 891 1036 conglobare
920 955 1015 1034 atque
1048 954 1207 1038 colligere,
1235 959 1272 1020 ut
1305 960 1337 1021 et

155 1082 175 1121 ⁵
190 1061 316 1125 moueri
343 1060 382 1123 ad
411 1059 638 1124 ambulandum
667 1062 700 1124 et
726 1059 853 1124 flectcre
883 1079 916 1124 se
944 1060 977 1124 in
1006 1061 1183 1142 quamlibet
1212 1066 1337 1148 partem

188 1167 285 1231 facile
303 1169 454 1254 possent,
484 1166 541 1231 sed
569 1187 605 1230 er
632 1167 703 1248 ipsa
731 1167 871 1250 corporis
899 1186 1025 1232 summa
1052 1168 1198 1249 produxit
1232 1172 1336 1253 caput.

189 1274 267 1337 item
292 1273 440 1356 produxit
463 1274 617 1356 quaedam
637 1274 779 1338 membra
797 1273 936 1356 longius,
956 1292 1036 1356 quae
1055 1277 1211 1339 uocantur
1227 1277 1337 1358 pedes,

189 1384 230 1444 ut
261 1380 391 1444 alternis
424 1380 565 1445 motibus
600 1381 668 1444 solo
696 1379 756 1442 fira
788 1379 997 1462 perducerent
1021 1381 1138 1445 animal
1161 1401 1223 1464 quo
1247 1402 1337 1446 mens

189 1488 322 1552 tulisset
344 1489 400 1551 aut
423 1507 484 1569 quo
504 1487 633 1570 petendi
653 1487 716 1550 cibi
734 1487 909 1552 necessitas
928 1489 1146 1569 prouocasset.
1212 1507 1248 1552 ex
1267 1489 1372 1571 ipson

190 1598 298 1658 autom
321 1595 453 1658 uasculo
478 1593 616 1676 corporis
641 1597 792 1675 quattuor
809 1593 888 1658 fecit
908 1595 1056 1670 extantia,
1075 1594 1150 1659 bina
1168 1595 1337 1678 posterius,

190 1719 272 1782 qnae
302 1704 377 1765 sunt
403 1702 435 1764 in
466 1701 612 1766 omnibus
640 1701 748 1783 pedes,
777 1702 855 1764 item
878 1700 953 1764 bina
981 1701 1077 1783 capiti
1106 1704 1138 1765 et
1162 1703 1246 1766 collo
1268 1721 1356 1784 pro-r

189 1808 283 1885 rima,
313 1827 393 1890 quae
421 1807 526 1872 uarios
554 1827 634 1872 usus
663 1808 877 1872 animantibus
906 1809 1067 1890 praebent.
1095 1809 1127 1872 in
1161 1808 1338 1891 pecudibus

191 1914 275 1977 enim
300 1933 336 1977 ac
367 1913 442 1978 feris
474 1913 572 1996 pedes
607 1917 682 1978 sunt
713 1913 944 1996 posterioribus
978 1914 1110 1991 similes,
1143 1915 1175 1978 in
1208 1915 1337 1980 homine

191 2023 298 2084 autom
326 2039 449 2099 manus,
479 2039 560 2102 quae
589 2040 652 2085 non
676 2021 716 2084 ad
744 2021 982 2097 ambulandum,
1008 2020 1064 2084 sed
1092 2021 1131 2084 ad
1154 2020 1336 2085 faciendum

135 2144 167 2181 ¹5
189 2126 426 2209 tenendumque
459 2131 535 2191 sunt
566 2131 668 2190 natae.
739 2130 789 2190 est
823 2129 855 2190 et
891 2127 1021 2192 tertium
1060 2145 1170 2209 genus,
1203 2127 1235 2191 in
1273 2148 1335 2209 quo
1355 2109 1377 2189 3'

190 2233 293 2314 priora
316 2233 372 2297 illa
395 2252 495 2315 neque
518 2234 616 2315 pedes
635 2252 738 2315 noque
757 2235 975 2309 manussunt,
996 2233 1052 2298 sed
1071 2233 1149 2311 alae,
1169 2233 1201 2296 in
1222 2234 1337 2315 quibus

190 2338 305 2419 pinnae
338 2359 394 2422 per
426 2340 567 2403 ordinem
601 2339 679 2404 fixae
715 2339 846 2405 uolandi
880 2339 1028 2404 exhibent
1059 2359 1163 2406 usum.
1197 2340 1242 2403 ita
1274 2359 1337 2404 una

191 2445 277 2511 fictio
303 2447 446 2511 diuersas
475 2448 597 2529 species
627 2449 659 2510 et
685 2467 763 2511 usus
787 2447 894 2512 habet.
964 2449 1059 2530 atque
1083 2449 1121 2510 ut
1143 2447 1247 2530 ipsam
1272 2457 1374 2511 cor-4

190 2552 275 2632 poris
316 2553 559 2620 crassitudinem
597 2553 729 2617 firmiter
766 2553 1048 2636 conprehenderet,
1088 2553 1262 2618 maioribus
1306 2556 1337 2617 et

140 2678 175 2717 ao
189 2658 341 2722 breuibus
375 2659 502 2723 ossibus
535 2659 673 2750 inuicem
703 2659 871 2743 conligatis
901 2659 993 2741 quasi
1021 2659 1160 2723 carinam
1189 2661 1338 2744 conpegit

190 2782 284 2844 qnam
308 2784 366 2830 nos
391 2764 526 2830 dicimus
551 2766 675 2847 spinam
699 2786 832 2848 eamque
856 2766 959 2830 noluit
979 2785 1014 2828 er
1032 2784 1096 2828 uno
1120 2769 1336 2848 perpetuoque

190 2890 261 2934 osse
285 2871 431 2950 formare,
456 2893 494 2937 ne
519 2873 683 2958 gradiendi
706 2873 918 2955 flectendique
944 2892 977 2938 se
1005 2873 1191 2943 facultatem
1220 2872 1337 2936 animal

188 2997 249 3042 non
273 2979 412 3043 haberet.
483 2999 519 3043 ex
542 2980 610 3045 eius
634 2982 723 3062 parte
748 2981 840 3061 quasi
862 2980 967 3044 media
987 2983 1092 3044 costas
1113 2980 1146 3044 id
1166 2983 1216 3044 est
1234 2983 1374 3044 trans-o

276 3167 491 3224 AVCTORES
516 3171 550 3223 20
569 3188 590 3223 s.
620 3171 851 3240 quasi—spinam]
881 3170 914 3224 cf.
944 3171 1099 3225 ‘Plutarcb'
1127 3170 1201 3224 Plac.
1235 3171 1333 3240 philos.

186 3256 210 3309 V
229 3259 272 3320 17,
292 3259 308 3311 3
330 3262 372 3326 (er
389 3259 480 3327 Aetio)
505 3253 740 3330 ’ripaeorum
758 3260 887 3322 DielsiuS,
907 3261 1025 3328 Doxogr.
1046 3277 1084 3329 gr.
1105 3278 1131 3330 p.
1153 3261 1204 3314 190
1223 3260 1283 3313 adu.
1304 3262 1333 3324 2’;

186 3345 295 3400 Nemes.
314 3365 340 3416 p.
361 3347 413 3400 262
435 3347 462 3418 (ἡ
484 3347 641 3419 ράχις...).

273 3435 596 3492 EXPILATORESS
617 3439 828 3508 alternis—fixa]
847 3438 944 3492 Isidor.
964 3439 1031 3507 orig.
1052 3438 1090 3490 XI
1110 3439 1134 3500 1,
1157 3439 1217 3491 112.

221 3559 295 3628 BV]
315 3561 328 3613 1
348 3560 491 3629 loquamur
510 3561 586 3613 codd.
606 3576 667 3624 rec,
687 3562 761 3629 edd.,·
786 3579 825 3614 arc
842 3560 1006 3631 loquemur?
1095 3563 1112 3613 4
1135 3559 1280 3613 rutundam
1298 3559 1334 3615 B.

183 3649 224 3701 sic
243 3649 326 3702 etiam
339 3667 370 3717 p.
390 3653 433 3714 21,
456 3654 481 3705 4.
504 3653 528 3702 7.
549 3651 587 3702 ol.
690 3654 739 3702 set*
757 3651 861 3704 moueri
879 3650 914 3712 B,
936 3651 1055 3703 emoueri
1078 3650 1105 3702 V
1180 3648 1334 3702 lmembra

188 3737 319 3804 quaedam
342 3738 369 3790 V
420 3739 513 3791 8sola
536 3738 746 3806 V1‚parr.ras.
767 3756 836 3793 corr.
856 3738 894 3790 V³
965 3737 1153 3808 perducerent]
1174 3737 1251 3790 codd.
1272 3752 1333 3796 rec,

185 3826 364 3889 Parrhasios,
388 3826 567 3896 producerent
590 3827 654 3890 BV,
674 3829 733 3882 siue
757 3828 840 3881 dubio
864 3844 896 3881 ea
920 3827 1047 3896 produxit
1071 3827 1112 3880 bis
1136 3831 1200 3879 cate
1219 3824 1333 3891 scripta·

184 3915 262 3968 lectio
281 3915 459 3984 perducerent
478 3917 561 3969 etiam
579 3917 742 3985 etymologia
761 3916 993 3986 pedes-petendi
1012 3916 1229 3981 commendatam,-
1247 3915 1281 3980 cf.
1302 3912 1334 3966 de

183 4004 309 4057 hocloco
330 4003 405 4057 ‘Ueb
426 4005 451 4057 d.
475 4003 597 4073 Qucllcrc'
611 4022 642 4072 p.
663 4008 724 4058 263
781 4005 813 4057 13
834 4007 897 4057 sunt
914 4004 1111 4074 posterioribus
1126 4003 1209 4073 pedes
1224 4001 1288 4054 feris
1303 4017 1333 4053 ac

185 4092 285 4144 similes
305 4092 368 4158 (sic)
393 4091 419 4144 V
471 4092 505 4145 15
523 4093 783 4162 temperandumque
802 4093 833 4158 V,
848 4093 896 4146 scd
908 4095 943 4161 of.
959 4109 980 4146 o.
995 4096 1039 4155 10,
1053 4096 1093 4146 24
1107 4091 1219 4145 tenendi
1232 4089 1332 4143 facien-

186 4179 265 4249 dique
330 4182 363 4233 17
382 4197 487 4250 pennae
508 4181 568 4248 (sed
587 4199 600 4236 e
620 4183 733 4238 exim.
752 4181 806 4243 1?)
831 4181 858 4233 V
929 4181 1083 4235 exibentB
1149 4179 1182 4234 18
1200 4178 1285 4232 babet
1302 4179 1333 4232 ia

184 4285 268 4338 marg.
297 4269 325 4321 V
406 4271 439 4324 20
464 4271 586 4340 oonpigit
613 4270 667 4334 Vr,
697 4286 765 4325 corr.
789 4287 824 4324 ot.
847 4270 884 4324 1?
925 4305 927 4308 -
968 4270 1002 4323 21
1031 4270 1149 4339 opimam
1175 4270 1205 4334 (n
1230 4271 1279 4334 er.)
1309 4267 1337 4320 V

185 4357 219 4410 22
239 4363 317 4410 οεεΓε)Ἰ
329 4358 368 4410 Β3
395 4427 399 4446 .
457 4359 616 4413 facultatem
636 4377 686 4414 om.
706 4360 741 4423 B,
756 4365 823 4428 post
842 4358 943 4412 animal
963 4359 1028 4412 add.
1047 4367 1099 4412 usu
1116 4358 1157 4412 Β3

1223 4463 1256 4517 2*
