3114 5004
265 431 353 496 LXH
393 481 397 488 ,
685 431 982 501 Prolegomena.

265 624 336 710 ΠΙ),
372 627 404 690 66
440 626 595 708 losephi
629 627 739 705 16661,
779 626 967 692 66666666
1006 647 1041 692 66
1078 630 1287 712 typographia
1323 632 1412 695 Nerii

265 751 292 794 6.
319 733 417 796 1646
438 731 585 816 (repetita
602 734 739 797 Itomae
759 753 786 800 a.
809 735 919 812 1650,
943 736 1026 798 66666
1046 735 1278 801 66666666666
1291 758 1323 802 n.
1344 739 1411 824 44),

264 858 380 922 magno
405 858 480 904 sane
503 841 656 923 temporis
680 841 849 905 interuallo
875 840 1062 920 disiunctae,
1087 842 1169 906 intra
1194 844 1278 925 quod
1305 847 1410 909 tamen

264 948 387 1027 praeter
408 946 544 1028 repetita
566 946 795 1012 Tornaesianae
818 947 1003 1028 posterioris
1032 950 1175 1030 exempla
1202 949 1291 1013 nulla
1314 951 1412 1015 editio
1468 975 1472 981 ·

264 1052 422 1116 Lactantii
444 1053 528 1118 16666
552 1055 611 1131 666,
634 1056 800 1136 propterea
824 1057 896 1134 apte
919 1054 1002 1117 inter
1020 1073 1054 1118 se
1074 1055 1317 1138 coniunguntur,
1338 1059 1413 1140 quia

263 1159 329 1222 illis
352 1159 466 1223 notitia
489 1160 704 1241 antiquissimi
728 1159 846 1224 codicis
870 1161 1080 1224 Bononiensis
1104 1164 1293 1246 peruulgata
1320 1164 1411 1228 lecti-

265 1284 404 1348 onesque
438 1267 506 1330 eius
539 1267 712 1331 nonnullae
741 1266 774 1332 in
811 1269 934 1330 textum
973 1267 1136 1350 scriptoris
1174 1268 1290 1333 inlatae
1324 1274 1409 1334 6666.

264 1372 501 1450 Thomasius,
536 1373 593 1454 661
624 1391 685 1436 666
720 1375 826 1438 solum
853 1375 1019 1438 uetustum
1047 1374 1140 1437 illum
1162 1375 1409 1452 Bononiensem,

264 1477 320 1542 sed
343 1479 439 1542 etiam
460 1481 668 1544 recentiorem
692 1477 846 1565 (odedit.
872 1481 998 1544 nostrae
1021 1482 1101 1561 part.
1121 1481 1137 1544 I
1155 1501 1186 1563 p.
1210 1482 1316 1546 XXVI
1336 1483 1410 1548 adn.

264 1583 297 1670 2)
322 1588 354 1648 66
378 1588 500 1668 septem
519 1586 701 1664 Vaticanos,
721 1587 780 1650 hos
804 1605 929 1668 quoque
949 1589 1091 1650 recentes
1112 1606 1232 1666 6666666,
1253 1587 1409 1665 adhibuit,

262 1691 415 1756 lectiones
436 1692 588 1774 quasdam
608 1692 725 1758 6661616
743 1693 771 1755 Β
792 1692 874 1756 etin
897 1692 1104 1774 marginibus
1130 1675 1278 1758 admixtis
1301 1697 1409 1758 tamen

261 1797 452 1864 lectionibus
481 1799 608 1862 aliunde
636 1799 772 1881 sumptis
802 1797 854 1883 (61.
883 1798 960 1862 ibid.
989 1819 1019 1880 p.
1049 1798 1125 1862 XVI
1153 1800 1223 1863 adn.
1250 1798 1294 1884 1),
1320 1802 1408 1864 etin

262 1903 346 1968 notis
371 1904 502 1969 editioni
535 1905 687 1970 subiectis
712 1904 798 1969 dedit
830 1905 925 1969 nimis
954 1907 1059 1968 tamen
1088 1924 1206 1988 paucas
1232 1925 1288 1988 pro
1317 1907 1408 1972 uber·-

261 2013 327 2075 tate
370 2012 487 2076 oodicis
525 2012 629 2089 illius,
662 2012 724 2076 nisi
761 2012 846 2093 6666
881 2013 1046 2094 Epitomae
1083 2013 1197 2076 melius
1235 2015 1408 2078 consuluit.

261 2118 364 2181 Eieoit
382 2119 478 2182 etiam
496 2121 584 2182 16666
605 2118 791 2182 dualisticos
811 2118 952 2182 codicem
967 2118 994 2181 B
1010 2121 1150 2196 secutus,
1170 2138 1208 2182 66
1223 2119 1410 2184 Lactantius

260 2223 407 2288 inmerito
435 2225 517 2289 inter
545 2228 718 2290 sectatores
747 2225 926 2289 Manichaei
955 2225 1123 2289 duceretur
1147 2226 1199 2304 (61.
1224 2227 1326 2290 Praei.
1349 2227 1407 2291 161.

261 2332 289 2395 A
313 2330 355 2416 3).
385 2333 517 2396 isaeus
547 2332 670 2408 deinde,
697 2332 750 2414 661
777 2333 894 2413 pariter
917 2334 1011 2413 66666
1036 2332 1226 2397 Thomasius
1250 2333 1282 2396 in
1307 2335 1408 2398 altera

261 2437 375 2500 Aldina
398 2438 614 2502 recensionem
639 2457 730 2501 suam
752 2438 861 2519 posuit
878 2437 929 2514 (61.
949 2458 979 2519 p.
1001 2436 1101 2523 VIII),
1127 2439 1184 2502 sed
1208 2439 1303 2503 etiam
1328 2441 1409 2504 61166

262 2545 417 2609 editiones
454 2544 506 2628 (61.
545 2566 574 2627 p.
612 2543 655 2629 X)
693 2545 891 2626 maximeque
929 2545 1173 2608 Tbomasiannm
1215 2546 1407 2629 adsumpsit,

260 2655 420 2732 praeterea
443 2654 549 2715 autern
574 2651 741 2716 duodecim
762 2651 899 2733 inspexit
922 2651 1047 2715 codices
1067 2651 1249 2730 Vaticanos,
1270 2655 1406 2717 alterum

261 2759 353 2822 illurn
372 2759 614 2837 Bononiensem,
635 2759 796 2823 ‘codicem'
816 2757 1000 2839 ’1666666611
1023 2757 1075 2838 (61.
1101 2759 1148 2823 ed.
1175 2761 1299 2823 nostrae
1322 2763 1407 2840 part.

261 2866 329 2947 lp.
354 2866 461 2930 XXVI
490 2865 559 2931 adn.
586 2864 631 2948 2),
665 2866 762 2928 alium
794 2863 910 2927 Peniue
945 2882 1038 2944 quem
1072 2863 1158 2938 dicit,
1191 2865 1264 2945 plus
1298 2865 1407 2928 minus

260 2971 410 3060 trecentis
438 2971 586 3035 meliores
613 2971 767 3034 lectiones
796 2969 855 3053 (616
883 2969 952 3050 ipse
975 2989 1005 3050 p.
1032 2968 1107 3031 VIII
1131 2967 1187 3053 616)
1211 2987 1247 3032 ex
1276 2968 1407 3051 optimis

262 3078 492 3159 exemplaribus
509 3081 541 3142 66
556 3078 749 3142 doctissimis
770 3075 977 3158 scriptoribus
996 3074 1151 3138 restituit:
1173 3075 1228 3156 qui
1241 3095 1405 3154 numerus,
1437 3080 1442 3088 '

262 3185 289 3247 61
312 3187 433 3248 textum
457 3185 613 3249 Lactantii
641 3185 725 3267 apud
751 3184 878 3248 Isaeum
907 3182 1059 3245 ducentas
1088 3181 1318 3264 quinquaginta
1339 3183 1405 3246 1666

260 3290 392 3373 paginas
426 3291 571 3372 conplere
605 3293 739 3372 spectas,
773 3289 902 3352 minime
935 3305 1070 3369 magnus
1104 3287 1256 3369 appellari
1287 3290 1406 3369 potest.

260 3396 418 3460 Plurimas
443 3399 550 3460 autern
563 3396 773 3462 Bononiensis
792 3395 945 3460 lectiones
970 3393 1111 3456 ‘minoris
1136 3394 1297 3457 momenti'
1319 3393 1353 3478 (1)
1372 3394 1404 3456 16

138 3523 142 3532 6
256 3505 351 3567 notas
374 3523 405 3585 p.
430 3504 553 3568 XXVII
576 3524 629 3582 ss,
654 3504 731 3567 alias
755 3521 865 3566 rursus
888 3501 921 3564 in
941 3499 1205 3564 commentarium
1224 3520 1253 3581 p.
1276 3503 1340 3564 253
1361 3520 1402 3564 ss.

262 3611 385 3689 abiecit,
420 3631 436 3675 e
470 3612 583 3694 quibus
620 3613 727 3674 tamen
759 3609 950 3692 posteriores
989 3605 1117 3688 quidam
1156 3605 1291 3671 editores
1329 3627 1405 3671 non-

260 3719 363 3782 nullas
388 3718 624 3783 emendationes
649 3718 831 3780 hauserunt.
856 3715 963 3778 Etiam
983 3731 1102 3777 errores
1127 3712 1406 3795 quosdamposte-
1503 3709 1505 3713 ’

241 3805 378 3889 'riorum
403 3825 496 3907 culpa
520 3827 575 3888 aut
598 3823 760 3888 Thomasii
784 3824 840 3884 aut
864 3820 947 3884 16661
972 3820 1009 3883 66
1034 3819 1227 3884 Bononiensi
1249 3819 1330 3883 16166
1353 3821 1405 3884 661

262 3933 395 3996 6666666
418 3932 611 3995 tradentium
636 3933 721 3995 ortos
746 3949 816 3993 esse
838 3931 919 4010 part.
944 3927 960 3991 1
983 3941 1013 4009 p.
1038 3927 1114 3990 XVI
1138 3926 1207 3991 adn.
1235 3928 1251 3989 1
1278 3926 1406 3990 demon·
1449 3952 1453 3960 ·

262 4041 396 4102 stratum
421 4041 479 4103 est.
504 4039 541 4101 ln
568 4024 736 4120 Epilomen
766 4055 802 4100 66
829 4034 1023 4099 Bononiensi
1051 4033 1268 4116 corrigendam
1294 4033 1406 4098 Isaeus

205 4198 208 4203 .
261 4165 375 4210 nouam
412 4148 486 4228 post
518 4144 725 4209 Thomasium
762 4162 869 4208 curam
907 4143 1052 4207 contulit.
1090 4141 1195 4205 Biam
1228 4141 1406 4223 praeclarae

262 4253 416 4336 quaedam
444 4252 642 4316 coniecturae
669 4251 720 4332 (61.
750 4249 928 4327 661596,
954 4250 1005 4312 16.
1031 4250 1106 4326 594,
1132 4249 1187 4322 19;
1217 4248 1326 4325 1146,
1353 4251 1404 4311 12.

263 4362 314 4437 83,
341 4360 381 4422 19
407 4359 481 4424 edit.
505 4361 643 4442 nostrae)
666 4358 756 4421 Isaeo
782 4356 945 4420 debentur.
