3114 5004
260 447 359 511 LXX⁴
685 440 978 508 Prolegomena.

260 639 403 705 laureae
437 620 572 715 stuata,
606 635 679 700 mer
706 635 843 700 Manum
869 635 963 699 Paua
990 635 1020 701 r.
1040 633 1115 700 Alci
1139 655 1169 700 n.
1195 636 1330 701 aliorum
1353 635 1404 722 (cf.

260 747 337 810 Dec.
365 745 458 828 prim.
488 765 518 827 p.
550 743 614 828 15).
644 742 738 807 Haud
765 761 834 807 raro
862 741 894 806 in
923 743 1007 808 notis
1035 735 1257 826 quasdam'de
1290 743 1405 828 uiginti
1528 735 1529 758 ’

260 852 490 935 posterioribus
515 850 792 916 dissertationibus
817 849 885 914 suis
910 852 1137 914 commemorat
1164 847 1241 936 (uol.
1266 850 1282 912 Ι
1306 849 1404 914 adDe

261 958 335 1040 opis.
365 959 395 1036 4,
426 960 445 1022 3
475 960 507 1022 et
534 960 565 1036 8,
597 959 638 1020 12
668 957 813 1021 ‘Disscrt
837 955 951 1032 XXV’;
975 957 1040 1022 uol.
1065 957 1097 1020 ll
1121 956 1159 1020 ad
1188 957 1268 1020 Inst.
1291 957 1308 1019 Ι
1332 958 1361 1034 2,
1385 957 1404 1020 4
1528 973 1529 984 ’

261 1065 406 1130 ‘Dissert
430 1064 575 1140 XXV11’;
600 1065 664 1128 uol.
684 1063 732 1127 III
751 1062 790 1126 ad
813 1062 891 1128 Iust.
911 1062 943 1126 Π
967 1064 997 1140 8,
1018 1067 1039 1127 4
1058 1062 1203 1128 ‘Dissert
1224 1063 1333 1138 XXX’3
1353 1061 1404 1147 al.)
1528 1061 1529 1142 Q

260 1190 434 1253 numquam
457 1174 565 1235 tamen
594 1169 698 1234 editis.
722 1168 854 1235 Utilitas
878 1173 984 1233 tamen
1009 1169 1164 1251 quaedam
1192 1169 1289 1234 huius
1318 1168 1403 1233 editi·
1526 1215 1529 1232 .

261 1278 330 1342 onis
355 1279 480 1342 constat
502 1276 535 1341 in
557 1257 889 1370 lectionibus'codicis
908 1275 1118 1341 Bononiensis
1138 1274 1192 1360 (cf.
1212 1276 1287 1341 edit.
1308 1277 1403 1342 nostr.

259 1386 339 1466 part.
368 1383 384 1447 Ι
410 1403 442 1465 p.
470 1382 552 1463 XV),
578 1401 710 1464 quarum
737 1381 903 1445 Eduardus
926 1383 1048 1463 partem
1071 1381 1165 1446 modo
1189 1383 1243 1446 uel
1266 1382 1299 1445 in
1323 1382 1403 1447 notis

261 1489 377 1554 adiecit
399 1489 452 1553 uel
474 1488 507 1552 in
530 1490 653 1553 textum
676 1487 800 1551 induxit
822 1485 876 1573 (cf.
901 1488 989 1552 locos
1012 1487 1093 1551 infra
1116 1487 1230 1574 datos).

305 1581 391 1656 XV.
415 1596 452 1658 In
476 1593 649 1659 Gersdorfii
671 1593 873 1658 Bibliotheca
898 1594 983 1660 Patr.
1009 1595 1120 1658 eccles.
1146 1594 1235 1657 latin.
1260 1593 1338 1680 (uol.
1362 1591 1402 1678 X)

262 1702 298 1767 Ο.
332 1702 387 1765 rr.
420 1701 618 1765 Fritzsche
651 1700 850 1764 Lactantium
884 1699 992 1777 edidit,
1017 1701 1041 1763 Ι.
1075 1701 1117 1764 ΙΙ.
1155 1701 1254 1782 Lips.
1296 1702 1402 1764 1842.

264 1809 372 1876 1844.
397 1807 597 1872 Editionibus
621 1807 782 1871 nonnullis
800 1806 957 1889 prioribus
978 1809 1010 1870 et
1029 1806 1192 1871 codicibus
1216 1807 1403 1888 quibusdam

261 1915 387 1979 infimae
420 1913 533 1978 aetatis
566 1912 619 1998 (cf.
648 1914 664 1976 Ι
691 1934 722 1995 p.
751 1912 813 1976 VII
840 1932 882 1977 ss.
911 1913 944 1975 ΙΙ
970 1913 1055 1994 p.V
1084 1912 1140 1997 ss.)
1174 1933 1252 1977 usus
1284 1914 1404 1978 textum
1445 1964 1449 1970 .

263 2021 399 2087 confecit
413 2021 615 2086 commodum
634 2020 775 2102 satisque
793 2019 940 2102 politum,
962 2019 1039 2084 duas
1060 2019 1156 2084 etiam
1171 2020 1404 2084 emendationes
1528 2053 1529 2086 1

218 2211 220 2218 Ι
263 2128 331 2193 eius
344 2127 449 2210 recepi
465 2127 518 2211 (cf.
534 2126 572 2190 ad
586 2127 602 2190 I
617 2127 692 2204 612,
709 2128 762 2189 23.
779 2127 853 2203 751,
869 2121 936 2208 20).
949 2125 1074 2190 Primus
1084 2126 1261 2209 fragmenta
1275 2125 1403 2190 addidit.

307 2234 455 2298 Vidimus
487 2233 596 2316 igitur,
629 2251 702 2295 cum
734 2231 828 2314 primi
861 2231 999 2296 editores
1031 2235 1153 2296 textum
1185 2233 1343 2296 Lactantii
1373 2232 1403 2294 in
1528 2237 1529 2318 l

262 2339 477 2404 fundamentis
501 2359 562 2403 non
587 2339 665 2404 satis
690 2337 801 2402 solidis
820 2338 1013 2421 posuissent,
1032 2339 1222 2420 posteriores
1243 2357 1325 2415 eum,
1346 2337 1405 2400 etsi
1528 2335 1529 2410 Ῑ

264 2446 393 2529 quidam
417 2446 512 2510 etiam
537 2445 753 2527 deprauarent
773 2447 879 2508 tamen
903 2444 1051 2526 deinceps
1070 2443 1192 2508 firmius
1212 2445 1404 2508 stabiliuisse
1528 2415 1529 2504 l

263 2553 446 2633 rectiusque
470 2551 694 2616 conformasse.
718 2551 835 2614 Tamen
859 2552 896 2613 ut
918 2551 979 2613 uiri
1001 2550 1050 2614 illi
1074 2553 1106 2614 et
1125 2551 1263 2633 optimos
1283 2550 1404 2615 codices

265 2662 297 2723 et
327 2658 414 2721 uiam
445 2657 663 2738 rationemque
697 2657 773 2721 artis
806 2657 933 2721 criticae
970 2659 1077 2722 nostro
1116 2657 1243 2721 demum
1281 2658 1405 2721 saeculo

266 2765 406 2829 excultae
429 2783 541 2846 parum
564 2767 727 2842 nouerant,
751 2763 797 2826 ita
819 2765 943 2828 labores
968 2783 1076 2828 eorum
1099 2783 1211 2845 parum
1235 2764 1314 2828 certi
1337 2782 1405 2827 eon-

181 2901 183 2905 ·
266 2874 449 2953 stantesque
472 2871 609 2936 fuerunt.
638 2871 752 2950 laque
781 2870 866 2952 quod
893 2872 1020 2934 nostrae
1045 2869 1175 2935 editioni
1202 2871 1406 2953 praecipuum
1528 2843 1529 2902 l

266 2977 406 3042 officium
431 2979 498 3041 erat
518 2977 675 3054 relictum,
695 2977 728 3040 in
751 2976 837 3040 iusta
855 2977 1011 3040 Lactantii
1029 2978 1212 3042 recensione
1232 2976 1406 3041 constabat.
1528 2981 1529 3016 r

265 3084 476 3166 antiquorum
501 3086 607 3147 autem
631 3101 667 3146 ac
690 3082 859 3164 proborum
884 3082 1030 3147 codicum
1053 3103 1124 3161 usu,
1148 3083 1182 3147 id
1206 3083 1407 3165 quodetiam

266 3191 344 3254 locis
358 3189 439 3253 infra
454 3189 600 3254 exhibitis
621 3189 808 3268 ostenditur,
828 3191 932 3260 multo.
952 3190 1059 3254 minus
1082 3189 1163 3253 illud
1183 3189 1331 3254 effectum
1350 3191 1407 3268 est,

265 3300 303 3360 ut
325 3315 426 3361 nouae
449 3297 541 3378 plane
561 3299 656 3378 atque
675 3298 767 3359 antea
784 3295 911 3379 ignotae
930 3296 1082 3361 lectiones
1103 3299 1294 3374 eruerentur,
1316 3315 1408 3377 quam

266 3405 336 3481 hoc,
351 3406 397 3480 ut,
413 3402 603 3467 lectionibus
623 3402 768 3467 codicum
781 3403 955 3467 recentium
976 3403 1212 3484 editionumque
1224 3402 1408 3486 saepissime

266 3509 358 3573 ualde
373 3509 454 3573 inter
469 3528 502 3573 se
514 3509 777 3591 discrepantibus,
794 3510 927 3574 sciretur
940 3510 1068 3574 tandem
1084 3529 1163 3591 quae
1179 3511 1265 3573 esset
1276 3509 1410 3592 genuina

267 3635 303 3680 ac
331 3635 406 3680 uera
433 3618 539 3679 textus
567 3616 765 3680 Lactantiani
791 3615 952 3694 memoria,
978 3619 1072 3698 atque
1096 3617 1155 3681 hac
1178 3617 1210 3678 in
1233 3634 1266 3679 re
1292 3632 1408 3679 errores
1528 3619 1529 3658 l

268 3723 544 3804 dubitationesque
560 3724 713 3804 quantum
728 3722 795 3786 fieri
814 3724 924 3805 posset
941 3722 1137 3788 tollerentur.
1161 3721 1197 3784 In
1218 3719 1409 3785 emendando
1528 3751 1529 3794 γ

269 3828 379 3894 deinde
405 3829 556 3910 scriptore
581 3829 666 3892 etin
697 3828 873 3892 adferendis
902 3827 981 3892 locis
1011 3830 1175 3892 auctorum
1205 3828 1273 3893 eius
1298 3827 1410 3911 expila-
1528 3821 1529 3904 l

268 3939 435 4018 torumque
459 3934 535 4017 quid
557 3938 631 4017 post
655 3954 745 3998 curas
768 3937 818 3998 tot
845 3938 974 4016 tamque
1003 3937 1167 3999 acutorum
1192 3941 1224 3998 et
1248 3933 1410 4000 doctorum

268 4043 409 4107 uirorum
433 4041 525 4106 nebis
549 4041 746 4124 contingeret
768 4060 824 4124 pro
848 4041 970 4106 uiribus
994 4041 1233 4122 temptauimus.

270 4269 464 4331 Bibliothecar.
484 4271 498 4323 1
516 4287 541 4338 p.
562 4269 614 4322 120
633 4269 656 4322 Α
676 4267 733 4322 cod.
753 4268 832 4324 5398.
852 4287 878 4338 p.
899 4269 949 4323 123
968 4269 997 4335 C,
1016 4269 1082 4334 215;
1107 4268 1139 4322 cf.
1161 4268 1243 4323 etiam
1260 4267 1410 4332 0ehlemm,

270 4359 429 4414 Tertullian.
449 4357 462 4410 I
481 4375 508 4428 p.
527 4357 576 4410 XX
595 4375 615 4413 ε.
680 4434 681 4439 ¹
