3114 5004
609 456 903 526 Prolegomeno.
1244 465 1348 529 LXII]

240 647 342 712 varos
370 649 476 713 tenuis
507 669 601 732 opera
628 649 691 713 66
722 650 879 715 Antonii
911 653 1051 736 ruyro,
1086 655 1141 736 qur
1174 639 1347 722 eoiuolem

196 755 324 839 (Lugd.
340 757 419 821 Bat.
442 759 555 843 1652)
575 777 612 822 ex
630 761 719 822 textu
739 763 771 822 61
789 760 874 823 66116
889 759 1051 824 Γ1116166611
1067 762 1227 842 conflauit,
1244 784 1347 846 neque

179 862 323 927 maioris
348 862 533 946 diligentiae
558 865 761 929 doctrinaeue
784 868 877 929 notae
902 866 969 930 6166
995 870 1079 933 sunt.

240 955 305 1034 IX.
325 970 446 1034 Itemm
463 972 571 1053 plures
592 972 747 1036 editiones
768 971 1020 1052 conprehendere
1039 973 1153 1055 616661,
1180 975 1345 1041 Seruatii

195 1075 348 1140 0611661
380 1076 508 1162 (Lugd.
542 1079 622 1144 Bat.
658 1077 781 1163 1660),
815 1079 977 1143 Thomna
1012 1077 1162 1162 Sparkii
1196 1081 1346 1168 (Oxonii

195 1181 321 1268 1684),
348 1182 701 1268 Cantabrigiensem
725 1184 775 1270 (61
799 1184 925 1272 officina
948 1185 1057 1252 Iohan.
1081 1187 1187 1270 Hayes
1219 1189 1343 1276 1685),

195 1287 412 1373 0161616611.
448 1289 606 1355 06116111
640 1289 752 1377 (Lips.
788 1282 912 1378 1698).
945 1293 1069 1356 Horum
1099 1293 1256 1359 editorum
1283 1297 1345 1360 hoc

194 1396 246 1458 est
269 1415 445 1474 commune,
471 1398 558 1480 quod
587 1399 742 1462 lectiones
771 1398 917 1462 codicum
947 1401 1143 1481 quorundam
1170 1402 1342 1484 proferunt,

194 1501 252 1564 sed
265 1503 476 1567 recentiorum
495 1523 594 1585 paene
614 1505 766 1582 omniurn,
786 1506 888 1568 itaut
907 1525 943 1568 ea
962 1507 1107 1589 congerie
1126 1508 1347 1590 profundenda
1427 1490 1428 1493 Ἴ

192 1628 303 1673 661661
327 1611 512 1700 memoriam
536 1611 690 1675 librorum
713 1612 871 1676 Lactantii
896 1614 1097 1678 obscuratam
1121 1615 1225 1698 magis
1250 1634 1345 1696 quam

191 1715 397 1780 inlustratam
412 1735 482 1781 esse
499 1717 570 1800 quis
590 1718 684 1784 dicat.
701 1719 748 1782 De
768 1738 830 1783 uno
852 1719 986 1784 06116116
1012 1739 1085 1785 6616
1108 1721 1226 1784 maiore
1249 1721 1345 1784 laude

191 1823 399 1887 iudicandum
423 1826 482 1901 est,
507 1825 623 1908 661666
648 1825 713 1907 661,
737 1824 770 1888 id
794 1827 878 1908 quod
903 1827 1000 1890 661611
1028 1845 1127 1908 66666
1157 1827 1342 1903 6161661661,

190 1929 262 2011 1666
285 1929 381 2011 idque
410 1931 488 1994 satis
517 1931 687 2014 prudenter
713 1932 796 1995 inter
823 1933 1011 1997 uarietatem
1039 1933 1128 1997 illam
1157 1933 1347 1998 discreuerit

192 2037 399 2120 elegeritque.
441 2037 632 2116 06116666,
677 2039 732 2120 661
771 2042 939 2104 666661166
982 2039 1138 2104 editiones
1181 2044 1346 2104 enumerat

192 2143 262 2226 (fol.
287 2144 321 2174 l*
346 2143 388 2228 5),
414 2145 559 2226 sequitur
583 2151 689 2209 autem
713 2146 956 2210 Thomasianam
980 2147 1195 2229 potissimum,
1219 2149 1345 2230 praeter

192 2250 319 2316 codices
345 2272 363 2314 6
385 2253 542 2334 prioribus
572 2254 731 2317 adhibitos
760 2255 903 2317 nominat
931 2253 1040 2318 decem
1067 2255 1143 2333 fere,
1172 2255 1256 2318 inter
1282 2254 1343 2318 lios

190 2357 385 2437 Palatinum,
419 2362 563 2424 nostrum
586 2361 618 2424 H
642 2360 695 2444 (cf.
730 2361 805 2426 edit.
839 2363 964 2424 nostrae
997 2363 1077 2442 6611.
1103 2361 1171 2442 Ip.
1193 2359 1341 2449 XXXV),

194 2466 227 2526 et
252 2465 396 2528 codicem
426 2465 524 2531 06661
553 2465 607 2546 (ef.
635 2467 712 2532 ibid.
741 2487 771 2549 p.
796 2467 914 2530 XLVII
937 2467 1007 2532 adn.
1034 2466 1078 2553 1),
1102 2467 1282 2531 Parisinum
1305 2467 1344 2545 Ρ,

193 2572 231 2635 ab
257 2570 423 2654 Opsopoeo
449 2573 489 2636 ad
518 2575 645 2638 oracula
670 2574 824 2657 Sibyllina
852 2574 973 2638 edenda
997 2576 1160 2639 conlatum
1185 2571 1238 2658 (ci.
1263 2572 1340 2638 ibid.

124 2756 127 2761 ,
191 2698 223 2758 6.
257 2679 458 2765 ΧΧΧ11111);
496 2681 620 2763 reliqui,
660 2699 852 2763 quamquam
895 2681 1050 2763 quosdam
1087 2683 1234 2744 uetustos
1272 2699 1344 2744 esse

192 2786 274 2864 uult,
299 2787 417 2851 nullius
442 2790 518 2852 6661
539 2788 703 2852 momenti.
730 2787 853 2852 ‘Variae
876 2787 1039 2852 lectiones’
1064 2787 1219 2869 plurimae
1248 2789 1344 2869 61666

194 2893 271 2956 66116
293 2898 449 2978 66661616,
463 2897 501 2958 61
514 2895 652 2972 6166161,
671 2895 865 2976 perscriptae
887 2895 1017 2958 editioni
1036 2894 1207 2966 subiectae,
1223 2913 1344 2976 paucae

193 3001 278 3064 66116
301 3001 439 3065 insertae
464 3005 548 3068 6661.
572 3003 674 3066 Notae
698 3002 786 3084 ipsae
810 3021 925 3085 magna
953 3021 989 3066 en
1017 3004 1104 3084 66116
1137 3021 1172 3064 ex
1195 3001 1343 3065 Betuleio
1463 3083 1465 3088 Ι

194 3107 328 3189 61116666
353 3112 509 3191 sumptae,
531 3109 621 3187 aliae,
640 3109 724 3172 inter
747 3127 825 3189 quas
847 3107 958 3172 doctae
979 3108 1143 3190 quaedam,
1165 3107 1202 3170 ab
1223 3107 1345 3171 editore

195 3214 331 3296 scriptae
365 3218 458 3277 sunt:
493 3213 549 3278 sed
582 3213 731 3296 quoniam
764 3215 797 3276 iu
828 3214 868 3278 iis
902 3214 1016 3276 acriter·
1047 3215 1195 3277 16666166
1230 3217 1279 3276 661
1309 3213 1342 3275 16

195 3317 369 3383 doctrinam
407 3321 618 3402 institutaque
656 3320 809 3384 ecclesiae
848 3319 1032 3397 catholicae,
1066 3319 1143 3382 haec
1181 3319 1277 3382 editio
1309 3319 1343 3382 in

194 3410 313 3489 Indice¹
338 3426 492 3490 librorum
529 3426 762 3510 prohibitorum
798 3427 903 3509 666116
940 3429 990 3489 661
1022 3423 1076 3511 (cf.
1109 3425 1246 3503 Reusch,
1275 3424 1346 3488 Der

195 3531 294 3595 116166
332 3533 387 3596 der
421 3531 605 3596 Vertomaro
642 3532 776 3610 Bitolrcr,
816 3535 847 3596 11
882 3531 993 3620 [1885]
1033 3534 1121 3616 152).
1161 3533 1344 3616 Sparkius

197 3637 319 3703 Gallaei
350 3641 494 3716 maxime,
521 3643 561 3704 61
593 3641 729 3718 uidetur,
763 3660 841 3704 6666
876 3640 1013 3704 editione
1046 3659 1164 3722 paucas
1198 3640 1229 3702 in
1257 3639 1343 3704 notis

194 3746 347 3810 lectiones
368 3747 514 3811 codicum
528 3747 759 3811 ‘Oxonieusium
779 3747 982 3811 Balliolensis
1001 3745 1167 3810 Bodleiani
1190 3745 1243 3832 (cf.
1264 3746 1342 3810 edit.

195 3857 321 3917 nostrae
344 3855 424 3934 part.
449 3854 465 3916 1
488 3875 518 3936 p.
543 3854 695 3918 XXXVII
723 3854 793 3919 adn.
824 3854 855 3936 1)
885 3853 1020 3936 Collegii
1049 3853 1194 3936 Corporis
1224 3852 1344 3916 Christi

115 3971 121 3988 ⁸
194 3960 383 4024 Mertoniani
408 3963 440 4024 et
464 3960 654 4038 0611661661,
685 3961 879 4025 deteriorum
908 3960 1060 4036 omnium,
1091 3958 1187 4024 dedit.
1215 3958 1344 4021 Primus·

194 4067 312 4128 librum
335 4067 383 4130 De
406 4067 564 4130 mortibus
592 4070 834 4148 persecutorum
863 4087 890 4132 a.
917 4067 1002 4129 1679
1027 4085 1045 4128 6
1067 4064 1197 4128 Baluzio
1225 4065 1263 4125 61
1284 4063 1342 4126 La-

196 4173 307 4235 ctantii
331 4172 453 4236 editum
476 4173 606 4238 addidit.
631 4174 699 4236 Iam
723 4174 863 4257 proximo
889 4193 968 4237 anno
993 4171 1085 4253 quasi
1103 4189 1159 4252 661
1177 4169 1340 4232 aemulati-

196 4278 287 4343 onem
313 4279 404 4342 sedes
434 4279 564 4343 alterius
594 4279 997 4344 academiaeJBritauuicae
1022 4296 1117 4341 suum
1140 4275 1341 4341 luctantium

196 4384 315 4451 habuit.
340 4385 446 4449 Editio
464 4385 804 4470 Cantabrigiensis,
826 4386 916 4450 cuius
936 4385 1094 4448 66616166
1110 4377 1171 4447 non
1188 4382 1342 4459 nominat,
