3164 5000
434 432 484 486 ue
511 432 682 502 epistota
710 432 772 485 uss
798 432 902 486 uber
928 411 977 487 a(
1221 435 1264 500 29

117 630 231 708 posset
253 628 316 693 nisi
340 631 502 711 excepta-m
525 647 581 710 per
603 647 699 694 eeuos
723 630 811 694 sinus
836 633 867 694 et
896 649 1083 712 repercussu
1110 633 1265 696 retentam

117 734 275 799 foramina
296 735 367 818 ipsa
390 735 573 800 cohiberent
595 736 659 800 illis
683 736 800 800 similia
821 737 963 801 uasoulis
984 736 1098 819 quibus
1117 737 1264 818 inpositis

117 843 226 906 solent
249 842 377 926 angusti
401 842 463 906 oris
487 861 565 906 uasa
589 843 736 925 conpleri.
807 862 859 908 eas
884 843 983 926 Igitur
1007 862 1096 908 aures
1126 881 1169 890 -
1198 844 1264 925 qui·
1284 847 1303 900 8

116 948 181 1012 bus
207 950 256 1012 est
278 947 415 1012 inditum
438 967 551 1012 nomen
576 948 748 1012 enodibus
772 948 965 1027 hauriendis,
997 948 1080 1013 unde
1104 948 1265 1032 Vergilius

90 1073 329 1136 auooemque
348 1054 407 1118 his
423 1054 576 1118 auribus
591 1054 719 1131 hausi3
740 1057 796 1119 aut
815 1055 888 1137 quia
905 1073 1019 1120 uoeem
1037 1055 1139 1138 ipsam
1155 1054 1266 1120 Graeci

117 1155 218 1243 αὐδήν
240 1163 357 1225 uocant
380 1160 417 1224 ab
443 1160 564 1236 auditu,
583 1179 640 1242 per
657 1161 899 1225 inmutationem
917 1161 1045 1225 litterae
1065 1179 1156 1225 aures
1176 1161 1267 1225 uelut

118 1267 220 1332 audes
240 1274 314 1332 sunt
330 1266 508 1332 nominatae
528 1304 571 1314 -
590 1266 693 1331 noluit
711 1266 789 1332 deus
808 1267 917 1332 artifex
935 1267 1087 1332 mollibus
1106 1267 1266 1350 pelliculis

117 1373 298 1452 informare,
324 1392 403 1456 quae
426 1374 696 1457 pulchritudinem
720 1373 881 1439 demerent
902 1374 1058 1457 pendulae
1083 1378 1177 1457 atque
1195 1374 1267 1438 flae-

120 1483 241 1560 eentes,
265 1499 366 1563 neque
391 1481 478 1546 duris
503 1499 539 1545 ae
563 1480 674 1546 solidis
699 1481 835 1557 ossibus,
860 1501 899 1546 ne
924 1481 963 1546 ad
986 1501 1082 1546 usum
1110 1481 1266 1546 inhabiles

84 1590 230 1653 nossent
251 1588 421 1653 inmobiles
445 1607 481 1654 ae
504 1588 654 1673 rigentes,
678 1589 735 1652 sed
758 1589 843 1671 quod
871 1593 956 1654 esset
984 1589 1098 1653 horum
1126 1588 1266 1652 medium

122 1695 324 1779 excogitauit,
358 1699 396 1760 ut
428 1715 480 1761 eas
514 1695 665 1780 cartilago
698 1696 826 1761 mollior
859 1696 1015 1780 adligarel
1048 1699 1080 1760 et
1116 1696 1268 1760 haberent

122 1804 230 1884 aptam
245 1802 340 1867 simul
355 1821 391 1866 ae
406 1801 575 1868 flexibilem
590 1801 782 1869 firmitatem.
851 1803 884 1866 in
905 1803 954 1868 his
974 1802 1122 1867 audiendi
1141 1804 1267 1866 tantum
1285 1822 1303 1874 9

123 1909 263 1974 officium
301 1909 510 1974 constitutum
548 1911 599 1975 est
636 1910 720 1974 siout
755 1910 787 1973 iu
821 1909 922 1975 oeulis
955 1909 1095 1973 uidendi.
1131 1928 1266 1991 quorum

121 2016 288 2098 praecipue
320 2016 550 2097 inexplicabilis
584 2019 633 2080 est
665 2035 700 2080 ae
733 2017 812 2080 mira
845 2016 1017 2093 subtilitas,
1052 2017 1126 2098 quia
1159 2034 1266 2080 eorum

85 2137 106 2176 1⁵
125 2123 215 2186 orbes
239 2141 435 2206 gemmarum
460 2123 699 2188 similibudmem
723 2123 944 2206 praeferentes¹
964 2124 1002 2188 eb
1034 2142 1070 2188 ea
1093 2126 1181 2204 parte
1206 2141 1267 2204 qua

124 2228 295 2292 uidendum
327 2229 390 2294 fuit
420 2229 611 2294 membranis
643 2230 880 2311 perlucentibus
913 2230 1001 2307 texit,
1040 2233 1077 2294 ut
1112 2229 1267 2312 imagines

125 2353 228 2398 rerum
260 2337 369 2400 eontra
400 2335 575 2416 positarum
609 2338 771 2418 tamquam
794 2335 826 2399 in
855 2335 985 2417 speeulo
1009 2335 1203 2419 refulgentes
1228 2333 1267 2398 ad

128 2459 253 2505 sensum
290 2441 439 2504 intimum
475 2443 683 2524 penetrarent.
752 2461 808 2524 per
844 2460 897 2506 eas
936 2441 1034 2526 igitur
1069 2442 1267 2506 membranas
1287 2445 1322 2498 10

215 2631 432 2688 AVCTORES
443 2635 471 2702 5]
485 2633 566 2703 Verg.
577 2634 645 2688 Aen.
656 2634 693 2687 IV
704 2635 765 2688 359.
816 2639 830 2698 5
846 2634 890 2702 10]
904 2633 998 2687 eedem
1013 2634 1059 2686 uel
1072 2633 1210 2686 simillima
1227 2635 1268 2698 (ex

129 2720 277 2790 Varrone?)
289 2740 331 2792 ap.
340 2722 492 2788 oe11.vr6;
505 2723 624 2778 Chalcid.
636 2723 815 2777 buprestim.
827 2740 851 2792 p.
864 2723 924 2786 271,
933 2721 973 2774 13.
985 2721 1077 2785 2728.
1086 2721 1196 2785 273,10.
1206 2721 1267 2784 278,

133 2813 142 2862 1
156 2810 220 2898 1114
231 2811 263 2866 de
274 2817 289 2876 ξ
299 2815 315 2866 9
326 2831 360 2870 ss.
372 2818 400 2868 et
410 2816 454 2868 e9
465 2813 497 2868 cf.
505 2813 593 2868 ‘Luci⁸
603 2813 730 2868 u.Luor.'
740 2833 766 2884 p.
777 2815 829 2868 252
841 2831 874 2866 ss
882 2819 900 2878 ;‘
910 2814 973 2868 Ueb.
984 2814 1028 2866 die
1042 2812 1163 2883 Quellea’
1173 2829 1198 2882 p.
1207 2811 1267 2866 283.

214 2917 505 2974 EXPILATORES
530 2921 610 2991 3-7]
639 2921 734 2977 Isidor.
764 2922 830 2990 orig.
858 2921 898 2974 XI
917 2921 942 2985 1,
961 2921 1004 2973 22.
1025 2921 1073 2983 46;
1095 2920 1127 2973 de
1148 2919 1202 2972 diff.
1218 2935 1268 2972 rer.

129 3005 204 3060 XVII
222 3009 263 3062 55.
320 3010 435 3079 15-18]
456 3010 551 3064 Isidor.
573 3011 605 3064 de
625 3011 680 3065 diff.
700 3029 749 3065 rer.
768 3011 846 3064 XVII
865 3012 908 3067 53.

165 3155 260 3226 BVJ1
276 3163 343 3226 post
361 3164 454 3228 posset
466 3177 488 3214 s.
504 3161 520 3214 l.
535 3165 563 3214 et
582 3162 674 3232 spargi
693 3161 757 3216 add.
769 3161 809 3214 Β3
862 3163 990 3231 percepta
1007 3161 1033 3215 V
1086 3176 1230 3230 repercusn
1245 3159 1271 3211 V

130 3245 146 3297 2
166 3245 328 3317 cohiberent]
352 3249 429 3304 codd.
454 3266 514 3312 ree,
539 3252 714 3304 conuiuerent
736 3252 794 3317 Bw,
820 3250 997 3304 conbiberent
1018 3251 1081 3316 (sie)
1103 3266 1171 3304 corr.
1190 3266 1223 3302 m.
1243 3253 1266 3312 1,

131 3336 281 3390 eoniberent
304 3338 330 3390 V
417 3339 563 3408 taposirim
580 3340 608 3391 B
697 3341 713 3392 3
738 3339 969 3409 angustiarum,
995 3340 1166 3409 angustiores
1185 3338 1264 3400 B²V;

131 3426 305 3493 angustioris
325 3427 407 3480 etiam
421 3429 513 3481 Ioues
528 3428 680 3482 Gelelmz'us
695 3429 820 3498 (Quaeri.
834 3430 930 3483 Plorat.
946 3428 1115 3482 Meaueebm.
1136 3443 1197 3496 cop.
1212 3427 1266 3485 IV.

133 3513 238 3568 Gruteri
269 3516 409 3584 Lampad.
441 3518 497 3570 ool.
526 3517 584 3571 III
599 3523 676 3585 port.
695 3519 775 3586 Hp.
798 3521 857 3570 406
876 3523 910 3584 a.)
931 3519 1001 3571 coel.
1025 3518 1140 3588 Quiatd.
1159 3516 1271 3570 Iustl

131 3605 157 3670 2,
175 3607 212 3656 28
228 3607 338 3660 uascula
358 3607 411 3660 oris
431 3607 541 3676 angusti
595 3609 613 3659 4
632 3607 749 3661 inditum
769 3609 833 3674 (alt.
852 3609 862 3661 i
880 3625 936 3663 ros.
957 3625 990 3661 ex
1008 3611 1038 3674 u)
1058 3608 1085 3660 B
1157 3606 1266 3658 thauri-

131 3692 201 3746 endis
219 3692 257 3746 Β2
333 3694 468 3759 6ΑΥΔΗ;
494 3696 537 3760 V¹,
557 3695 577 3746 Δ
596 3697 627 3750 ire
645 3697 668 3750 A
687 3703 752 3751 mut.
773 3713 806 3749 m.
829 3701 847 3750 3
920 3701 934 3752 7
960 3696 1099 3765 mollibus]
1128 3695 1159 3759 V,
1179 3710 1265 3762 neque

130 3782 268 3837 mollibus
288 3785 316 3850 (l
336 3785 402 3838 add.
422 3802 455 3838 m.
476 3789 491 3837 1
509 3787 554 3840 uel
573 3789 604 3853 2)
620 3785 647 3837 B
687 3786 799 3855 idquae]
819 3786 850 3852 V,
863 3803 897 3839 ne
910 3786 945 3849 B,
965 3787 1023 3839 siue
1043 3785 1126 3839 dubr'o
1140 3783 1267 3887 agelium

130 3911 209 3965 neque
228 3902 273 3966 (7)
297 3899 444 3953 seeundum
461 3901 594 3968 proximo
616 3917 774 3970 neque-ne
793 3902 891 3970 fletum
957 3899 1266 3970 pulchritudinemerent

131 3986 185 4052 (ee,
203 3988 234 4042 ue
254 3989 319 4042 aaa.
340 4005 374 4041 m.
393 3992 425 4053 a)
445 3989 473 4041 Β
562 3977 692 4044 sacenses
716 3990 743 4043 V
825 3990 924 4043 ouem
941 4006 1025 4058 usqae
1045 3989 1084 4042 aa
1100 3989 1181 4055 paea
1201 3986 1266 4039 reem

131 4077 210 4129 multo
237 4079 360 4132 euouido
387 4079 481 4146 refecit
507 4096 540 4132 m.
573 4083 590 4132 3
620 4080 654 4142 V,·
684 4080 733 4132 ubi
750 4081 831 4148 prior
854 4079 993 4147 serepturu
1022 4083 1097 4131 certa
1124 4081 1170 4140 est,
1194 4075 1266 4128 nibil

131 4165 273 4220 adreotatur
328 4168 479 4234 adsensun
495 4173 545 4236 er.)
561 4169 589 4221 B
643 4170 795 4224 inabilesB
851 4170 883 4223 10
898 4168 946 4222 sed
959 4185 1009 4221 om.
1024 4168 1052 4220 B
1112 4167 1201 4219 horum
1220 4165 1263 4220 V1.

129 4253 216 4307 horum
226 4255 281 4323 (ha.
289 4256 305 4311 1.
313 4261 362 4323 er.)
374 4256 411 4310 V³
434 4258 465 4310 11
476 4256 646 4311 mofl³liorB³
671 4257 702 4310 12
714 4258 798 4326 aelB,
808 4260 836 4310 et
846 4257 877 4320 V,
888 4255 977 4310 recte?
1003 4253 1264 4325 ldpreeeipupeeB¹‚

129 4344 295 4412 preacipuebe
317 4343 357 4400 B²
416 4347 449 4398 15
473 4346 650 4400 slmilitudine
673 4347 701 4399 B
753 4348 784 4400 16
808 4347 958 4415 imagines
972 4346 1012 4399 B³
1067 4347 1100 4398 11
1120 4345 1148 4398 in
1167 4359 1218 4396 om.
1238 4343 1266 4394 B
