3110 5004
497 449 538 498 dc
567 448 779 499 Lactantio
809 448 1053 502 testimonia.
1283 454 1346 517 165

200 643 243 729 (p.
267 647 333 707 221
357 643 400 705 Al
425 645 515 706 taceo
541 641 579 705 de
602 641 723 706 Latinis
748 642 954 724 scriptoribus
976 643 1169 709 Tertulliano
1191 643 1345 727 Cypriane

199 750 340 814 Minucio
366 749 528 813 Victorino
553 749 756 813 Lactantio
780 749 973 826 Hilariano
998 769 1058 814 non
1082 752 1148 813 tem
1172 771 1221 814 me
1243 752 1346 815 defen-

199 857 284 921 disse
309 875 404 938 qnam
428 855 507 920 alios
532 855 641 920 uidear
666 875 822 920 accusare.

738 1049 809 1112 XII.

165 1204 177 1239 a
244 1172 508 1255 He'crcnymns,
538 1170 703 1238 Commeat.
728 1175 763 1237 in
786 1176 872 1254 episi.
897 1176 941 1238 ad
964 1173 1076 1255 Epires.
1097 1177 1234 1256 praefat.
1260 1176 1354 1257 (VII

201 1284 265 1340 538
286 1282 346 1353 s.):
370 1279 534 1361 Numquid
558 1283 614 1343 aut
637 1281 852 1346 Tertullianus
875 1282 1004 1346 beatum
1029 1286 1200 1364 martyrem
1221 1283 1347 1367 Cypria-

200 1405 274 1448 num
303 1387 358 1448 aut
382 1385 556 1469 Cyprianus
585 1387 825 1452 Lactantium
855 1390 910 1452 aut
937 1389 1160 1452 Lactantius
1190 1389 1347 1454 Hilarium

200 1493 352 1556 detenuit
377 1513 395 1556 a
419 1492 611 1558 scribendo?

733 1687 821 1752 XllI.

154 1842 179 1878 10
244 1810 502 1891 Hieronymus,
519 1809 568 1874 De
582 1813 642 1875 raa.
659 1811 713 1874 inl.
730 1810 856 1874 LVIII
866 1799 1046 1892 (Minucius
1061 1811 1180 1880 Felirl:
1201 1814 1348 1876 Meminit

199 1917 295 1980 huius
320 1917 452 1981 Minucii
478 1921 509 1981 et
532 1919 755 1983 Lactantius
778 1919 811 1982 in
834 1919 924 1983 libris
949 1919 1027 1983 suis.

235 2058 269 2124 ef.
289 2058 359 2110 rar.
378 2057 452 2124 111,
476 2061 521 2112 55.
546 2057 571 2111 r
589 2063 603 2110 1
623 2062 662 2112 22

733 2235 817 2298 XIV.

245 2359 507 2439 Hieronymus,
537 2357 641 2437 Epist.
666 2357 732 2419 LX
756 2362 797 2420 10
824 2357 865 2439 (I
888 2363 953 2420 336
976 2357 1044 2439 E):
1162 2359 1347 2422 eruditionis

200 2467 331 2550 gloriam
356 2465 542 2529 declinando
573 2465 807 2529 eruditissimus
836 2466 1012 2529 habebatur
1039 2472 1096 2546 (sa
1121 2465 1346 2546 Nepotianus).

155 2608 178 2642 a
200 2573 291 2650 illud,
316 2573 429 2648 aiebat,
450 2573 647 2649 Tertulliani,
672 2573 760 2636 istud
780 2571 936 2655 Cypriani,
962 2572 1022 2635 hoc
1041 2572 1241 2648 Lactantii,
1268 2572 1348 2635 iilud

201 2679 316 2742 Hilarii
340 2682 398 2742 est.

739 2871 808 2934 XV.

248 2998 490 3079 Arcyrrsic'nus,
510 2995 560 3059 De
578 2996 671 3058 dorin
692 2994 795 3060 christ.
816 2993 860 3055 H
870 2998 909 3055 61
928 2992 1010 3075 (HI
1019 2997 1036 3054 1
1045 3015 1080 3072 p.
1098 2996 1141 3056 42
1157 2990 1192 3054 F
1202 2991 1347 3066 Manna·

204 3104 284 3167 Nam
304 3103 379 3184 quid
399 3104 485 3167 aliud
504 3104 647 3168 fecerunt
665 3101 759 3166 multi
778 3101 852 3182 boni
871 3100 981 3165 fideles
1001 3100 1126 3164 nostri?
1145 3119 1247 3164 nonne
1268 3102 1349 3183 aspi-

158 3237 184 3275 ro
204 3210 305 3274 cimus
334 3213 451 3291 quanto
481 3229 555 3273 auro
586 3212 618 3273 et
646 3212 775 3293 argento
804 3211 837 3271 et
864 3210 955 3271 ueste
984 3206 1207 3271 suffarcinatus
1242 3207 1350 3270 exierit

204 3316 242 3380 de
266 3317 408 3400 Aegypto
437 3317 492 3398 (cf.
517 3315 619 3379 Eroti.
645 3320 691 3390 11,
715 3319 748 3378 2.
774 3319 824 3393 12,
850 3317 908 3396 35)
938 3313 1111 3397 Cyprianus
1141 3314 1251 3379 doctor
1279 3334 1348 3378 sua-

203 3423 357 3487 uissimus
382 3426 414 3487 et
437 3427 556 3505 martyr
578 3423 795 3499 beatissimus,
826 3424 942 3502 quanto
968 3421 1200 3498 Lactantius,
1231 3424 1347 3501 quanto

205 3530 386 3594 Victorinus
411 3529 546 3612 Optatus
570 3530 723 3606 Hilarius,
747 3531 785 3593 ut
821 3529 858 3591 de
892 3528 978 3591 uiuis
1002 3531 1136 3591 taceam.
1162 3531 1279 3608 quanto
1303 3528 1348 3590 in-

204 3637 415 3700 numerabiles
441 3636 577 3700 Graeci?

241 3775 274 3841 cf.
296 3775 327 3828 dc
346 3776 396 3828 hoc
415 3776 473 3829 leco
498 3775 559 3828 Uel),
581 3775 605 3828 d.
626 3775 691 3828 Leb.
713 3775 738 3828 ri.
758 3775 837 3826 Lact.
853 3791 882 3840 p.
904 3777 939 3825 15

146 3937 185 3990 ‘25
254 3915 530 3992 Cassiodorius,
560 3917 663 3983 Instit.
693 3917 792 3979 diurn.
823 3915 879 3980 lar.
909 3939 933 3981 r.
961 3919 1008 3980 28
1035 3914 1096 3997 (H
1120 3917 1182 3976 554
1214 3914 1349 3999 Garct):

204 4024 301 4088 Multi
328 4024 444 4088 iterum
472 4029 578 4108 patres
607 4024 708 4089 nostri
735 4023 852 4087 talibus
880 4023 996 4086 litteris
1026 4021 1140 4086 eruditi
1169 4023 1201 4085 et
1222 4021 1253 4084 in
1277 4023 1348 4105 lege

206 4131 324 4195 domini
350 4134 571 4212 permanentes
600 4131 639 4194 ad
667 4149 774 4193 ueram
804 4129 989 4211 sapientiam
1017 4130 1237 4211 pamenemnt,
1266 4129 1350 4216 sicut

205 4240 317 4303 beatus
346 4235 546 4321 Augustinus
579 4237 610 4299 in
644 4237 723 4300 libro
747 4237 794 4299 De
827 4235 969 4300 doctrine
1002 4234 1173 4298 christiana
1205 4235 1350 4298 meminit

206 4347 333 4410 dicens:
377 4365 436 4409 non
476 4346 647 4427 aspicimus
686 4347 802 4425 quanto
843 4363 917 4406 auro
957 4346 987 4405 et
1025 4344 1153 4425 argento
1192 4344 1223 4404 et
1259 4344 1349 4405 ueste
