3114 5004
596 456 890 526 Prolegcmena.
1266 459 1308 524 LI

158 653 244 716 66116
279 653 399 736 aliquid
431 653 500 716 ueri
533 653 646 719 elicere
677 652 859 736 temptauit,
883 671 952 717 raro
985 652 1080 716 nimis
1114 651 1215 716 audax
1246 652 1308 716 fuit

159 758 215 842 (61.
248 760 265 821 I
298 761 350 837 10,
380 759 400 822 9
433 755 542 835 Diam,
577 757 667 823 codd.
702 761 735 822 el
765 777 811 840 pr.
850 754 994 842 Oretana).
1020 794 1062 804 —
1085 757 1234 841 Repetite
1258 760 1308 821 est

157 866 367 930 Parrhasiana
403 864 577 929 Venetiis
615 884 643 928 a.
681 866 779 928 1511
821 862 973 948 (testibus
1011 865 1236 930 Buenemanno
1275 867 1308 928 61

159 972 431 1050 Schoenemanno,
456 991 515 1056 ego
539 991 600 1036 uon
625 969 706 1057 uidi)
732 974 763 1035 61
788 972 899 1036 1521.

203 1078 381 1144 Parisinam
406 1098 433 1145 a.
460 1080 545 1144 1509
570 1078 757 1143 retractauit
779 1078 965 1162 Aegidius
993 1079 1164 1161 Delphus
1189 1078 1306 1144 ‘socius

159 1185 352 1251 Sorbonious
368 1204 404 1249 66
419 1186 590 1269 theologus
610 1186 741 1264 doctor’,
765 1185 927 1249 Parisiis
951 1185 1036 1268 apud
1061 1186 1195 1249 eundem
1213 1185 1306 1248 illum

156 1293 255 1356 Iehan
278 1292 365 1356 Ρ61’1
389 1312 416 1356 6.
442 1293 584 1370 1513,1
611 1292 657 1356 116
679 1295 796 1370 16666,
821 1296 858 1355 61
881 1295 913 1355 61
936 1311 1016 1375 quae
1041 1312 1077 1356 ex
1099 1292 1307 1356 Parrhasiana

158 1401 340 1482 sumpserat
356 1401 388 1462 61
407 1417 487 1480 quae
505 1399 575 1480 ipse
594 1398 830 1482 excogitauerat
844 1398 1041 1464 admisceret.
1057 1399 1093 1461 In
1108 1398 1306 1481 marginibus

156 1506 336 1588 permultae
364 1508 457 1570 66166
487 1505 643 1588 ascriptae
673 1508 749 1570 sunt
777 1505 816 1569 ad
844 1524 895 1569 res
920 1524 938 1568 a
960 1504 1125 1569 Lactantio
1154 1506 1306 1569 tractatas

157 1615 350 1694 spectantes.
374 1613 445 1677 Non
468 1632 602 1694 possum
627 1612 777 1678 adsentiri
789 1614 1026 1688 Buenemanno‚
1047 1613 1101 1693 qui
1120 1614 1216 1677 ualde
1236 1631 1306 1676 eam

267 1803 276 1837 ¹
295 1804 463 1873 Subscriptio
483 1808 525 1858 est
542 1804 622 1858 haec:
636 1803 669 1856 L.
686 1803 828 1858 Firmiani
847 1804 944 1877 cliniae
961 1804 1148 1858 inculcationes
1163 1809 1196 1859 61
1209 1802 1307 1872 Epldlj

157 1894 249 1960 61616111
265 1893 395 1962 Theolopi
409 1894 529 1946 doctoris
549 1894 755 1946 annotamentis
778 1893 954 1968 pbatrssirnis
966 1934 971 1946 .
982 1934 988 1946 .
1001 1935 1007 1946 .
1021 1893 1079 1946 Pro
1101 1893 1211 1946 Ioanne
1233 1892 1308 1946 Petit

155 1983 315 2048 fidelissimo
326 1982 478 2050 bibliopola
492 1982 571 2050 apud
583 1998 712 2050 mapnam
726 1987 816 2036 ortum
829 1983 863 2035 ab
877 1983 978 2049 optimo
992 1979 1174 2050 calcograpbo
1188 1980 1306 2034 Nicolas

157 2071 278 2138 depretia
295 2071 433 2138 Impressi.
453 2070 536 2123 Anno
560 2070 616 2123 dal.
636 2069 678 2123 M.
703 2069 831 2124 GUOOO.
852 2059 927 2124 decio
947 2070 1033 2123 lertio.
1053 2069 1204 2124 Kalendas
1222 2070 1305 2122 iann-

157 2159 235 2212 arias
256 2175 330 2212 nono
353 2159 491 2225 pininnlnr
507 2159 634 2226 feliciter.
659 2159 851 2212 Praetermitto
876 2159 930 2212 diei
954 2159 1181 2228 significationem
1202 2157 1306 2211 abusu

156 2247 235 2300 solito
256 2248 374 2302 alienam
393 2248 616 2316 —postulamus
640 2247 710 2302 eninr
732 2255 810 2300 ‘nono
834 2247 965 2300 kalendas
987 2247 1135 2300 Ianuarias'
1156 2277 1189 2284 -
1210 2248 1238 2299 61
1257 2245 1305 2298 ob-

155 2351 275 2391 scuram:
299 2353 386 2390 annus
405 2343 486 2400 certe,
506 2353 565 2390 curn
584 2336 667 2390 uerba
695 2326 770 2391 decio
794 2338 872 2390 tertio
896 2353 956 2389 cum
979 2352 1089 2389 numero
1110 2335 1152 2388 M.
1175 2333 1304 2388 OGOCO.

155 2425 345 2494 coniungenda
363 2426 427 2488 sint,
444 2425 541 2479 dubius
560 2442 614 2478 non
629 2428 679 2480 est.
694 2425 731 2478 Aa
743 2426 794 2478 hac
813 2426 841 2478 in
861 2426 994 2495 scriptura
1012 2425 1084 2487 anni,
1100 2441 1160 2476 cum
1179 2439 1306 2476 numerus

155 2513 196 2570 M.
215 2514 344 2569 OGOOO.
364 2516 552 2569 tantummodo
573 2517 749 2585 spectaretur,
760 2531 867 2568 666666
878 2531 935 2567 6666
945 2515 1061 2583 positam
1076 2511 1248 2566 manifestum
1264 2515 1305 2564 esl

155 2619 200 2655 cur
219 2621 235 2656 6
255 2604 417 2672 quibusdam
447 2621 505 2657 esse
534 2604 668 2658 diceretur
696 2604 780 2656 editio
803 2604 927 2656 Parisina
951 2621 974 2656 a.
1001 2603 1077 2656 1500.
1096 2601 1305 2654 Β6666666666

154 2691 240 2746 Praef.
261 2692 307 2748 fol.
328 2709 341 2746 c
361 2710 386 2745 n.
402 2694 434 2746 13
450 2709 508 2746 666
524 2692 672 2746 editionem
691 2693 730 2745 ita
749 2692 867 2745 inducit:
888 2692 972 2745 ‘Lact
987 2723 1021 2730 -
1037 2707 1096 2744 cum
1110 2691 1189 2760 Egid.
1204 2689 1305 2759 Delphi

153 2779 367 2836 Annotamentis
387 2813 420 2820 -
440 2798 488 2853 per
515 2782 554 2835 Io.
582 2782 665 2834 Petit.
694 2782 730 2834 in.
754 2782 780 2835 4.
804 2782 889 2834 Paris.
914 2781 991 2834 1500*
1017 2795 1099 2848 seque
1124 2795 1182 2831 666
1200 2776 1305 2831 homini

155 2869 260 2924 cuidam
291 2869 397 2924 dedisse
426 2870 508 2925 dicit:
535 2871 628 2939 itaque
657 2886 715 2924 eam
745 2869 865 2923 conferre
894 2886 949 2922 non
977 2868 1098 2938 potuisse
1126 2867 1243 2922 uidetur.
1268 2867 1307 2920 At

154 2958 271 3026 primum
297 2958 457 3012 incredibile
485 2962 527 3011 est
544 2959 696 3012 Parisinam
715 2975 739 3011 a.
761 2958 829 3012 1500
853 2958 1019 3012 continuisse
1041 2960 1121 3011 notas
1142 2955 1252 3025 Delphi,
1275 2956 1304 3008 in

154 3046 279 3099 Parisina
299 3063 323 3101 a.
343 3047 413 3100 1509
433 3048 466 3101 ab
488 3047 581 3101 eodem
599 3046 749 3115 bibliopola
765 3047 889 3099 emissam
909 3063 943 3099 ne
955 3062 1054 3099 nomen
1070 3044 1179 3114 quidem
1193 3043 1305 3113 Delphi,

154 3135 201 3188 sed
218 3135 330 3188 Maserii
350 3135 558 3199 commemorari,
583 3138 613 3188 61
630 3135 782 3188 Parisinam
805 3151 829 3187 a.
850 3135 927 3198 1513,
952 3152 1032 3204 quarn
1051 3133 1123 3186 idem
1147 3133 1194 3186 ille
1217 3131 1304 3185 161166Ι

153 3222 230 3276 Ρ6111
261 3239 361 3277 66666
390 3223 479 3291 dedit,
508 3224 705 3292 subscriptione
734 3223 768 3276 cd
796 3222 931 3292 Delphum
959 3223 1060 3277 referri.
1089 3222 1196 3276 Deinde
1224 3237 1305 3273 nemo

154 3326 283 3380 nmquam
313 3315 466 3365 accuratam
495 3313 553 3365 eius
580 3312 707 3365 notitiam
731 3311 819 3365 dedit:
843 3329 906 3365 666
924 3312 1131 3381 Bipontinorum
1153 3312 1176 3378 (Ι
1197 3328 1222 3380 p.
1242 3310 1305 3377 XX)v

154 3400 220 3454 fides
239 3401 292 3453 hac
312 3401 340 3452 in
359 3417 387 3454 re
407 3418 461 3453 non
481 3401 547 3454 satis
566 3401 649 3453 ualet.
666 3400 1124 3469 (16616166861666666666616.
1142 3401 1193 3453 198
1206 3417 1227 3453 s.
1243 3415 1303 3452 cum

155 3488 258 3558 adnot.)
279 3487 426 3542 editionem
445 3489 520 3542 illam
541 3490 649 3543 omuino
668 3506 723 3542 non
742 3489 825 3542 161666
845 3490 975 3559 suspicari
993 3490 1102 3558 incepit.
1137 3487 1216 3554 Quod
1238 3504 1305 3541 uero

154 3580 240 3630 totam
271 3578 456 3646 quaestionem
485 3578 611 3641 absoluit,
635 3578 712 3631 nulla
738 3578 912 3631 maximarum
941 3579 1048 3631 illarum
1076 3577 1304 3631 bibliothecarum

156 3683 221 3734 quas
240 3684 267 3735 p.
286 3666 334 3719 XL
354 3665 416 3719 adn.
434 3667 446 3719 1
467 3667 614 3729 nominaui,
633 3683 667 3719 ne
687 3665 811 3719 Parisina
830 3667 984 3720 Nationalis
1004 3666 1113 3736 quidem
1133 3683 1191 3719 eam
1210 3665 1305 3720 habet.

156 3753 186 3807 ln
205 3754 318 3807 ducrum
337 3771 403 3808 sane
421 3771 581 3824 magnarum
600 3754 761 3809 Germaniae
784 3755 1010 3808 bibliothecarum
1035 3755 1167 3824 catalogis
1191 3754 1305 3822 legitur,

156 3843 202 3896 sed
230 3859 290 3895 cum
320 3859 379 3896 eam
407 3844 544 3911 petissem,
573 3843 657 3896 editio
686 3861 709 3896 a.
732 3844 801 3896 1513
819 3843 886 3896 mihi
910 3843 992 3896 missa
1011 3846 1064 3897 est:
1084 3844 1210 3896 nimirum
1230 3859 1307 3895 error

156 3932 352 4000 subscriptione
371 3932 420 3984 illa
439 3932 549 3985 effectus
570 3934 620 3985 est.
640 3963 673 3971 —-
693 3932 838 3985 Praeterea
856 3933 1064 3985 Buenemanuus
1083 3931 1201 3986 Praefat.
1221 3930 1267 3982 fol.
1289 3947 1305 3982 6-

156 4021 214 4074 26.
237 4021 270 4074 18
288 4020 440 4073 Parisinam
468 4038 492 4076 a.
514 4021 590 4082 1509,
612 4037 692 4089 quam
719 4023 812 4074 16666
834 4038 888 4073 666
913 4020 1019 4074 uiderat
1044 4020 1087 4088 (61.
1112 4038 1138 4075 n.
1164 4021 1301 4086 161666-

156 4109 246 4162 uenire
276 4126 336 4162 curn
364 4108 488 4162 Parisina
516 4126 539 4162 6.
570 4110 639 4162 1513
668 4109 742 4173 dicit,
770 4127 824 4161 non
848 4113 928 4162 recte.
952 4109 1022 4162 Nam
1045 4111 1118 4178 prior
1144 4109 1193 4161 illa
1215 4107 1304 4160 66116

156 4182 337 4266 6666166616
351 4198 520 4267 marginibus
534 4201 623 4260 66166,
639 4198 749 4251 Maserii
764 4198 866 4268 opinor,
881 4199 966 4252 habet
984 4216 1064 4267 quam
1078 4199 1153 4261 haec,
1167 4198 1196 4250 in
1211 4197 1302 4250 uerbis

157 4289 245 4339 autem
272 4285 409 4340 Lactantii
437 4287 635 4340 constituendis
664 4303 709 4340 eas
733 4287 857 4340 nonnihil
882 4287 987 4341 differre
1010 4288 1076 4340 locis
1101 4285 1305 4339 infraenabis

158 4373 225 4428 datis
245 4375 406 4429 ostenditur.

1195 4481 1227 4533 d*
