3110 5004
187 402 247 464 162
669 399 813 454 Vetera

181 596 340 676 quattuor,
360 595 409 659 Ad
434 595 586 660 Seuerum
611 597 819 678 epistularum
842 596 940 661 libros
965 596 1054 674 duos.
1079 597 1127 660 Ad
1151 597 1328 661 Demetria-

181 721 256 764 num
294 702 471 766 auditorem
510 723 604 768 suum
638 704 847 786 epistularum
875 704 972 768 libros
1002 704 1091 780 duos,
1122 704 1160 767 ad
1189 703 1328 766 eundem

180 808 227 872 De
252 809 378 891 opificio
404 810 453 873 dei
477 811 530 882 uel
553 811 739 875 formatione
764 811 903 875 hominis
927 811 1043 874 libmm
1067 830 1176 876 unum.
1201 811 1251 874 hic
1277 829 1327 874 cx-

179 918 280 978 trema
308 919 473 981 senectute
502 918 655 1000 magister
679 916 822 982 Caesaris
848 918 949 1000 Crispi
978 917 1035 981 filii
1065 917 1265 983 Constantini
1292 917 1327 980 in
1379 933 1382 936 ·

181 1020 378 1099 (1111111111,
404 1023 458 1105 qui
481 1027 593 1106 postea
616 1044 634 1088 a
657 1028 743 1107 patre
767 1026 954 1089 interfectus
979 1027 1038 1090 est.
1359 1043 1376 1078 ⁵

179 1162 314 1217 Antonius
333 1163 459 1216 Houaeus
479 1164 535 1216 illic
555 1165 680 1234 religioni
701 1169 837 1234 operatus.
858 1167 899 1218 nir
918 1165 1020 1227 doctus,
1039 1166 1086 1234 qui
1105 1167 1200 1234 postea
1219 1164 1326 1217 Abbam

180 1252 421 1306 Absternacensem
449 1270 576 1322 prospera
605 1254 676 1306 sarna
705 1255 770 1323 egit,
805 1255 924 1324 repperit
952 1271 968 1307 a
995 1253 1164 1322 bibliotapho
1196 1253 1327 1322 quopiam

179 1340 307 1394 librorum
327 1341 459 1410 plagiario
480 1341 613 1395 sublatos:
635 1345 716 1410 atque
735 1345 776 1396 ita
795 1343 921 1412 disperiit
938 1343 986 1403 ille
1006 1343 1159 1404 thesaurus
1179 1340 1211 1394 ab
1231 1342 1327 1394 haere·

180 1428 258 1482 dibus
283 1430 403 1486 sacrifici.
428 1431 454 1482 in
482 1447 559 1498 quern
585 1431 698 1484 cadebat
721 1431 846 1500 suspicio,
868 1432 896 1483 in
926 1431 1043 1484 cucullos
1069 1435 1096 1483 et
1123 1430 1223 1499 piperis
1246 1429 1328 1482 inuo-

179 1518 253 1570 lucra
273 1518 403 1571 concisus.
478 1521 490 1572 1
512 1537 531 1572 s.
553 1519 594 1571 Ad
614 1521 856 1572 Seuerum-suum
878 1520 1052 1589 epistularum
1077 1518 1160 1571 libros
1180 1518 1246 1572 duos
1266 1533 1328 1570 cum
1358 1501 1365 1514 ⁸

180 1607 256 1660 codd.
279 1607 401 1660 deterior.
424 1599 474 1661 om.
494 1608 671 1676 Herdr'rrpius,
690 1610 738 1662 sed
755 1610 789 1676 cf.
815 1609 877 1662 Uel).
899 1610 924 1661 d.
945 1609 1201 1676 Entstelrrrrrpsoerh.
1218 1624 1248 1674 p.
1269 1611 1325 1660 123

181 1697 245 1749 adra
266 1701 294 1763 1,·
313 1697 345 1750 de
364 1697 463 1750 Seuero
483 1697 517 1763 cf.
538 1699 633 1750 testim.
658 1698 738 1750 VIII

732 1877 772 1940 ll.

224 1997 482 2081 Hieronymus
512 1997 652 2064 Chromis.
677 2003 720 2064 od
743 2023 772 2064 o.
798 2001 875 2063 Aur.
899 2005 1009 2063 2333:
1036 1999 1166 2083 Crispus
1191 2002 1223 2064 et
1247 1998 1328 2064 Cou-

180 2105 340 2169 stautinus
359 2105 417 2168 filii
436 2105 634 2169 Constantini
656 2109 687 2168 et
705 2105 845 2169 Licinius
866 2107 1051 2170 adulescens
1071 2105 1171 2170 Licini
1186 2103 1328 2188 Augusti

179 2211 265 2276 tilius
281 2211 480 2276 Constantini
500 2232 535 2275 cx
555 2232 660 2276 sorore
679 2233 777 2296 nepos
795 2213 942 2277 Caesares
963 2214 1170 2295 appellantur.
1192 2231 1330 2293 quorum

180 2317 325 2402 Crispum
345 2319 568 2383 Lactantius
592 2320 712 2384 Latinis
736 2320 850 2383 litteris
876 2319 1015 2383 erudiuit
1034 2320 1083 2383 uir
1103 2319 1244 2383 omnium
1268 2337 1328 2382 suo
1352 2349 1377 2386 ιο

179 2428 320 2507 tempore
356 2426 647 2508 eloquentissimus,
682 2427 737 2490 sed
772 2416 848 2490 adeo
882 2427 914 2489 in
943 2428 1002 2490 hac
1035 2425 1102 2488 uita
1134 2445 1261 2508 pauper.
1291 2427 1331 2488 ut

180 2534 368 2614 plerumque
394 2534 487 2597 etiam
513 2533 700 2598 necessariis
724 2533 906 2616 indiguerit.
1244 2613 1250 2620 .

226 2637 389 2718 Prosper
419 2639 508 2702 Tiro
537 2640 796 2722 (Apeltonus),
822 2639 970 2720 Epilomo
998 2638 1170 2702 Chrorrr'ccn
1194 2659 1218 2700 c.
1243 2641 1331 2700 1001
1355 2625 1381 2666 .·

180 2747 240 2828 (ed
254 2769 282 2810 o.
296 2751 367 2825 post
375 2767 463 2826 pass.
479 2746 611 2810 Domini
629 2744 888 2819 CCLXXXIX,
906 2744 1022 2808 Sabino
1041 2750 1069 2808 et
1088 2743 1205 2824 Rufino
1224 2747 1328 2827 coss),

124 2929 125 2932 Ἴ
184 2851 294 2917 Cleron.
319 2855 394 2918 11111.
419 2874 497 2919 scer.
524 2854 546 2915 I
549 2853 583 2917 V.
615 2853 649 2920 V.
680 2853 734 2936 VI.
762 2852 836 2919 VII.
856 2853 901 2916 ed.
925 2852 1107 2928 Mommsen.
1127 2851 1187 2914 recl.
1207 2851 1232 2912 I
1244 2851 1321 2931 fuse.
1346 2884 1369 2916 11

179 2962 340 3039 Mssa)
359 2983 394 3041 p.
421 2965 502 3022 4111
528 2961 658 3044 Crispus
684 2964 715 3024 11
739 2960 966 3025 Constantinus
990 2959 1048 3022 filii
1073 2957 1273 3024 Constantini
1298 2961 1332 3021 et

178 3067 321 3146 ,Licinius
352 3067 539 3132 adulescens
563 3068 675 3131 Licinii
700 3067 840 3150 Augusti
868 3067 953 3130 filius
983 3086 1018 3129 en
1047 3085 1152 3130 sorore
1177 3065 1332 3130 Constan-

180 3174 238 3236 tini
264 3171 414 3238 Caesares
440 3175 648 3257 appellantur.
683 3194 816 3256 quornm
843 3174 989 3255 Crispum
1014 3173 1236 3236 Lactantius
1261 3191 1332 3235 eru-

181 3279 262 3343 diuit
290 3281 339 3344 uir
369 3281 509 3344 omnium
540 3301 596 3344 suo
626 3284 768 3363 tempore
797 3280 1090 3362 eloquentissimus.
1116 3279 1170 3342 sed
1195 3278 1273 3342 adeo
1298 3279 1332 3340 in

180 3387 239 3451 hac
268 3388 336 3451 uita
363 3407 492 3470 pauper,
523 3395 559 3451 ut
585 3389 774 3470 plerumque
803 3389 897 3450 etiam
927 3387 1112 3450 necessariis
1145 3371 1331 3470 indiguerit.
1354 3416 1382 3450 en

218 3527 250 3579 18
271 3528 568 3597 quorum-indiguerit
588 3531 656 3594 (20)
677 3544 727 3581 ern.
748 3528 805 3581 eod.
830 3528 984 3580 Vaticanus
1002 3543 1064 3579 saec
1088 3526 1131 3579 VI

729 3758 785 3821 Ill.

228 3882 490 3963 Hieronymus
516 3881 619 3962 Epist.
642 3881 745 3945 LXX
765 3885 783 3941 5
802 3881 925 3962 (1427
943 3880 1013 3962 D):
1039 3882 1190 3964 Septem
1208 3880 1335 3944 libros

182 3990 377 4054 Aduersus
407 3993 539 4072 gentes
569 3989 727 4053 Aruobius
758 3988 857 4052 edidit
885 3989 1124 4069 totidemque
1154 3986 1336 4069 discipulus

184 4096 252 4158 eius
277 4095 511 4171 Lactantius,
541 4096 595 4176 qui
624 4095 675 4158 De
704 4095 760 4158 ira
789 4114 913 4176 quoque
943 4096 975 4158 et
1003 4094 1154 4177 opificio
1184 4093 1245 4156 dei
1270 4093 1335 4156 duo

183 4201 349 4266 uolumina
373 4201 532 4265 condidit:
558 4222 636 4283 quos
661 4201 688 4265 si
711 4188 816 4285 legere
842 4201 993 4277 uolueris,
1019 4201 1217 4283 dialogorum
1244 4199 1336 4264 Cice-
1358 4234 1384 4270 a

183 4308 268 4370 renis
292 4307 323 4369 in
349 4308 393 4370 eis
419 4307 556 4390 ἐπιτομήν
581 4308 727 4389 reperies.
