3110 5004
439 459 450 480 ·
524 435 575 488 De
603 435 661 488 ira
690 434 752 487 dei
779 434 885 488 liber
914 433 955 486 10.
1259 436 1300 498 89

158 645 218 709 que
253 627 416 710 discriptio
449 647 559 692 casum
589 647 624 692 ac
651 627 810 692 fortunam
836 629 993 711 repellat?
1066 627 1121 692 sed
1152 629 1302 709 putemus
1321 627 1356 681 23

157 735 242 798 artus
273 736 305 798 et
333 753 406 798 ossa
434 736 466 800 et
492 753 607 799 neruos
636 737 669 799 et
696 735 883 819 sanguinem
912 735 950 799 de
974 734 1088 799 atomis
1111 753 1206 817 posse
1231 752 1303 797 con-

157 859 316 905 crescere:
341 841 417 923 quid
442 860 555 906 sensus
580 842 731 926 cogitatio
756 861 845 907 mens
869 842 1020 906 memoria
1042 841 1215 926 ingenium,
1236 841 1303 922 qui-

156 948 215 1012 bus
250 947 425 1012 seminibus
463 948 676 1032 coagmentari
712 952 872 1030 possunt?
910 948 1151 1012 ‘minutissimis’
1189 947 1302 1029 inquit.

127 1056 232 1118 esunt
256 1073 331 1138 ergo
355 1054 418 1119 alia
439 1055 568 1120 maiora.
639 1055 797 1137 quomodo
824 1056 927 1140 igitur
947 1055 1152 1121 insecabilia?
1180 1054 1303 1132 deinde,
1322 1054 1358 1108 24

158 1159 185 1224 si
209 1179 245 1224 ex
268 1160 486 1225 inuisibilibus
511 1165 586 1226 sunt
610 1181 691 1244 quae
715 1182 776 1227 non
800 1162 959 1239 uidentur,
985 1181 1181 1243 consequens
1201 1164 1305 1225 estut

159 1285 193 1330 cn
221 1266 405 1332 uisibilibus
435 1268 501 1332 sint
529 1287 609 1350 quae
637 1269 796 1333 uidentur.
866 1288 922 1332 cur
948 1269 1048 1352 igitur
1074 1286 1167 1332 nemo
1195 1268 1304 1332 uidet?
1324 1269 1358 1322 25

159 1372 214 1437 sed
239 1373 308 1438 siue
332 1374 509 1439 inuisibilia
532 1395 612 1458 quac
637 1376 767 1440 suntin
791 1376 919 1440 homine
944 1375 1124 1440 consideres
1149 1375 1218 1438 siue
1241 1377 1306 1438 tac-

157 1479 227 1542 tilia
251 1498 330 1561 quae
354 1481 488 1545 ueniunt
507 1483 567 1546 sub
586 1486 761 1564 aspectum,
782 1483 901 1547 ratione
920 1485 1052 1564 utraque
1073 1484 1216 1546 constare
1236 1481 1306 1564 quis

121 1616 142 1654 ιο
158 1604 219 1649 uon
242 1586 357 1651 uidet?
391 1588 550 1670 quomodo
575 1608 649 1672 ergo
675 1589 741 1654 sine
764 1590 885 1654 ratione
909 1588 1057 1654 coeuntia
1084 1590 1220 1670 possunt
1247 1588 1303 1650 ali-

158 1691 234 1773 quid
267 1693 391 1757 cificerc
424 1695 602 1759 rationale?
641 1696 789 1760 uidemus
824 1696 907 1759 euim
940 1695 1020 1758 nihil
1052 1715 1123 1759 esse
1155 1695 1188 1758 in
1221 1694 1307 1759 omni

157 1798 275 1863 mundo
291 1799 374 1881 quod
389 1820 451 1865 non
465 1801 581 1866 babeat
595 1802 626 1865 in
642 1821 676 1866 se
691 1803 859 1866 maximam
879 1802 1118 1884 mirabilemque
1142 1801 1307 1865 rationem.

160 1898 240 1986 quae
265 1906 338 1986 quia
363 1926 458 1989 supra
481 1908 619 1972 hominis
644 1928 773 1973 sensum
798 1912 830 1972 et
851 1908 1016 1993 ingenium
1036 1910 1095 1984 cst,
1116 1908 1167 1972 cui
1185 1907 1304 1972 rectius

159 2030 252 2093 quam
287 2011 412 2077 diuinae
445 2015 664 2096 prouidentiae
697 2015 864 2079 tribuenda
892 2017 966 2080 est?
1008 2033 1073 2093 ,au
1102 2013 1308 2078 simulacrum
1328 2020 1362 2073 26

121 2139 142 2176 1⁵
158 2117 296 2182 hominis
326 2122 358 2182 ct
386 2122 525 2184 statuam
554 2122 635 2187 ratio
665 2125 698 2185 et
725 2141 774 2186 ars
807 2122 909 2205 fingit,
942 2121 1048 2204 ipsum
1080 2120 1242 2185 bominem
1271 2119 1308 2183 de

158 2209 270 2288 frustis
294 2227 414 2290 temere
439 2229 699 2292 concurrentibus
723 2228 792 2292 fieri
814 2229 1025 2311 putabimus?
1050 2230 1082 2292 et
1105 2227 1183 2308 quid
1203 2226 1308 2290 simile

159 2331 305 2395 ueritatis
333 2332 365 2395 in
394 2332 479 2410 ficto,
511 2352 584 2398 cum
613 2355 773 2399 summum
799 2339 831 2399 et
855 2336 1011 2400 excellens
1036 2333 1205 2398 artificium
1228 2333 1309 2397 nihil

160 2437 244 2501 aliud
268 2439 331 2502 nisi
354 2441 500 2508 umbram
525 2443 557 2505 et
581 2443 719 2506 extrema
743 2441 881 2525 corporis
905 2441 1090 2505 liniamenta
1113 2441 1216 2523 possit
1238 2440 1308 2503 imi-

158 2544 245 2608 tari?
269 2564 346 2608 num
369 2546 475 2628 potuit
498 2547 636 2612 humana
660 2549 802 2612 sollertia
825 2548 898 2612 dare
923 2547 1009 2630 operi
1032 2566 1091 2612 suo
1111 2549 1167 2610 aut
1184 2548 1307 2611 motum

119 2670 142 2707 20
162 2651 299 2732 aliquem
320 2654 375 2714 aut
395 2658 551 2718 sensum?
614 2655 708 2720 mitto
727 2675 824 2719 usum
842 2654 972 2718 uidendi
991 2654 1138 2718 audiendi
1158 2653 1308 2718 odorandi
1328 2662 1361 2715 27

160 2760 398 2841 ceterorumque
414 2762 628 2825 membrorum
647 2762 702 2825 uel
721 2761 940 2844 apparentium
958 2762 1012 2825 uel
1030 2761 1197 2824 latentium
1216 2761 1309 2824 mira-

159 2862 240 2927 biles
258 2863 437 2932 utilitates:
462 2867 534 2950 quis
558 2868 668 2932 artifex
691 2869 798 2951 potuit
820 2870 876 2932 aut
895 2887 948 2933 cor
965 2867 1103 2932 hominis
1122 2870 1179 2931 aut
1196 2885 1309 2931 uocem

159 2977 213 3038 aut
235 2974 338 3056 ipsam
362 2975 552 3056 sapientiam
569 2975 748 3040 fabricare?
772 2975 981 3058 quisquamne
1003 2975 1104 3058 igitur
1127 2993 1223 3037 sanus
1247 2973 1307 3037 exi·

160 3061 279 3159 stimat,
309 3080 396 3161 quod
422 3081 517 3144 bomo
547 3081 668 3145 ratione
694 3083 726 3145 et
749 3081 883 3146 consilio
912 3081 1015 3145 facere
1043 3099 1105 3144 non
1134 3079 1247 3161 possit,
1275 3077 1309 3141 id

118 3223 142 3263 a
161 3205 318 3252 concursu
352 3190 531 3251 atomorum
569 3187 690 3271 passim
728 3187 964 3252 cohaerentium
1000 3186 1109 3271 perfici
1140 3186 1309 3269 potuisse?

159 3294 251 3359 uides
274 3294 307 3357 in
331 3311 411 3375 quae
436 3293 644 3358 deliramenta
666 3293 845 3373 inciderint,
875 3295 951 3358 dum
974 3295 1089 3358 nolunt
1111 3292 1309 3357 effectionem

162 3419 330 3483 curamque
363 3419 469 3464 rerum
502 3400 561 3466 deo
594 3401 678 3464 dare.
753 3401 964 3466 concedamus
997 3403 1103 3464 tamen
1131 3400 1182 3464 his
1210 3401 1247 3462 ut
1275 3417 1311 3462 ex
1329 3409 1364 3466 28

248 3591 465 3646 AVCTORES
482 3592 598 3655 20--90,
619 3592 663 3661 10]
683 3591 718 3646 ad
731 3592 841 3662 Epicuri
860 3591 911 3662 frg.
932 3593 986 3645 354
999 3591 1103 3646 Usener
1123 3596 1159 3660 (p.
1176 3592 1236 3655 238,
1251 3590 1307 3657 21).

195 3699 268 3769 BP]
287 3700 301 3752 1
322 3698 478 3768 disseriptio
496 3701 536 3754 sic
554 3701 589 3764 P,
611 3700 756 3770 descriptio
775 3699 803 3752 Β
867 3700 883 3752 3
902 3716 977 3753 mens
997 3717 1047 3755 om.
1067 3699 1101 3762 P,
1120 3698 1169 3778 scd
1186 3699 1220 3766 cf.
1235 3697 1255 3768 ἕ
1271 3701 1310 3751 46

162 3815 216 3868 uim
234 3816 381 3868 memoriae
400 3816 500 3868 mentis
520 3815 696 3886 cogitationis
751 3832 853 3870 memor
871 3816 899 3870 P
933 3779 1164 3872 lminutissimsss
1184 3817 1215 3881 (u
1235 3813 1310 3878 er.,i

162 3904 225 3958 add.
245 3920 279 3956 m.
299 3907 327 3971 1)
346 3903 374 3956 Β
447 3905 462 3956 5
481 3903 651 3974 insecabilis]
669 3905 704 3968 P,
723 3904 895 3958 insensibilia
913 3904 941 3956 B
1012 3905 1029 3958 6
1049 3907 1113 3956 sunt
1136 3903 1310 3973 quae-uisi·

160 3991 262 4046 bilibus
276 4009 328 4046 om.
341 3993 370 4047 P
418 3992 519 4046 luidit
532 3991 560 4044 Β
609 3992 793 4047 8consideret
807 3993 835 4045 P
904 3993 1082 4047 tactibiliaP
1125 3991 1269 4063 9aspectu
1282 3991 1310 4042 Β

159 4081 370 4143 ιο000101οΡ11
435 4082 468 4135 11
483 4080 588 4134 edicere
602 4081 706 4136 ataid.
719 4079 767 4145 B1,
782 4096 850 4134 corr.
864 4080 905 4134 Β3
978 4081 1011 4133 16
1024 4080 1133 4134 frustsis
1149 4083 1175 4145 (r
1190 4079 1205 4134 ,2
1219 4083 1269 4147 cr.)
1284 4080 1312 4133 P

163 4170 344 4225 concurrentis
362 4169 401 4224 P1
457 4170 490 4224 19
508 4169 602 4239 potius
620 4169 668 4233 13¹,
689 4185 757 4224 corr.
771 4168 812 4222 B³
866 4169 900 4223 20
919 4186 1029 4223 sensum
1048 4171 1088 4236 (rn
1108 4168 1173 4222 cdd.
1188 4186 1222 4223 m.
1238 4172 1271 4236 2)
1284 4169 1313 4223 P

163 4261 272 4313 osmitto
294 4262 333 4326 (m
353 4259 451 4327 er.)P
521 4257 676 4312 audiendi„
696 4261 747 4328 (qu
766 4258 858 4327 er.)B
912 4259 947 4312 23
967 4248 1042 4321 sa’m
1061 4248 1101 4326 (’n
1119 4259 1138 4312 i.
1158 4274 1179 4312 e.
1198 4260 1243 4325 us)
1257 4253 1311 4310 Ρ21

163 4349 297 4403 existimet
314 4348 500 4402 Heumanmrs
