3110 5004
494 412 545 465 De
573 413 631 465 ira
659 413 721 467 dei
748 414 853 468 liber
882 415 995 470 18-19.
1253 421 1315 484 117

172 604 242 669 dine
265 608 400 669 utuntur·
423 606 463 670 ad
488 609 681 691 corruptelas
703 609 792 673 etad
811 611 1022 691 uoluptatem,
1044 612 1089 675 sic
1107 611 1171 675 irae
1192 611 1318 676 adfectu

172 711 209 775 ad
243 712 431 792 nocendum,
466 715 542 778 dum
573 715 614 779 iis
648 735 728 797 quos
761 716 833 781 odio
866 717 985 781 habent
1015 718 1204 784 irascuntur.
1245 737 1318 802 ergo

172 818 267 883 etiam
299 840 361 884 non
394 821 601 902 peccantibus
634 822 823 899 irascuntur,
858 823 955 887 etiam
982 823 1111 906 paribus
1139 827 1196 888 aut
1223 824 1319 889 etiam

172 926 396 1008 superioribus.
422 928 494 993 hinc
519 929 635 993 cotidie
659 929 699 992 ad
721 929 859 993 inmania
882 930 1021 994 facinora
1042 930 1216 1014 prosilitur,
1244 930 1318 995 hinc

148 1035 353 1118 stragoediae
373 1053 466 1118 saepe
486 1039 669 1103 nascuntur.
740 1041 826 1102 esset
842 1038 943 1121 igitur
959 1039 1137 1104 laudandus
1152 1038 1318 1120 Archytas,
1340 1048 1372 1100 12

173 1140 199 1204 si
223 1160 295 1206 cum
319 1142 416 1206 alicui
441 1143 505 1208 ciui
529 1147 561 1207 et
583 1144 650 1226 pari
673 1144 803 1209 facienti
827 1145 888 1209 sibi
910 1145 1057 1209 iniuriam
1076 1145 1191 1210 fuisset
1207 1145 1318 1220 iratus,

172 1248 376 1329 repressisset
400 1269 434 1314 se
458 1253 564 1314 tamen
590 1254 622 1314 et
643 1251 798 1332 patientia
820 1252 935 1316 furoris
954 1253 1110 1334 impeturn
1129 1251 1319 1335 mitigasset.

172 1352 250 1417 haec
279 1355 329 1419 sui
358 1356 510 1421 cohibitio
540 1357 679 1440 gloriosa
707 1361 767 1437 est,
796 1378 858 1440 qua
888 1359 1089 1441 conpescitur
1112 1358 1239 1439 aliquod
1261 1357 1319 1420 im·

172 1460 293 1525 minens
317 1483 469 1547 magnum
493 1465 624 1542 malurn,
650 1483 813 1529 seruorum
838 1468 944 1529 autem
967 1466 1168 1548 filiommque
1191 1466 1322 1547 peccata

132 1585 233 1630 1011011
259 1586 401 1632 coercere
430 1573 596 1651 peccatum
625 1575 692 1636 est:
727 1571 863 1637 euadent
891 1573 974 1636 enim
1004 1572 1042 1635 ad
1069 1571 1172 1635 maius
1200 1571 1321 1634 malum

172 1692 227 1754 per
249 1673 471 1756 inpunitatem.
509 1677 561 1740 hic
590 1698 652 1742 non
682 1678 858 1743 cohibenda
885 1680 941 1757 ira,
966 1678 1152 1754 sedetiam,
1178 1677 1205 1741 si
1228 1677 1320 1755 iacet,

173 1780 335 1844 excitanda
363 1785 422 1846 est.
493 1784 577 1865 quod
601 1788 707 1850 autern
733 1786 770 1849 de
794 1786 921 1851 homine
946 1786 1092 1862 dicimus,
1118 1785 1202 1848 idem
1227 1783 1322 1847 etiam
1340 1795 1374 1846 13

173 1887 210 1951 de
235 1887 303 1966 deo,
329 1889 384 1970 qui
406 1889 567 1954 hominem
591 1891 730 1956 similem
755 1893 804 1955 sui
827 1892 914 1959 fecit.
948 1893 1060 1957 omitto
1086 1892 1123 1955 de
1146 1891 1248 1973 figura
1271 1889 1322 1954 dei

174 1993 286 2072 dicere,
321 1995 395 2077 quia
424 1995 524 2062 Stoici
556 2002 673 2082 negent
704 1999 819 2063 habere
852 2000 952 2063 ullam
984 1998 1118 2063 formam
1151 1997 1255 2074 deum,
1290 1998 1322 2059 et

132 2129 155 2166 15
173 2101 283 2185 ingens
304 2101 366 2166 alia
383 2103 517 2167 materia
535 2107 692 2180 nascetur,
713 2105 741 2169 si
761 2124 815 2169 eos
836 2125 1005 2188 coarguere
1024 2105 1137 2168 uelim:
1159 2103 1197 2166 de
1217 2102 1320 2166 animo

173 2210 295 2271 tantum
318 2209 440 2291 loquor.
511 2210 538 2274 si
567 2211 625 2275 deo
655 2211 801 2276 subiacet
829 2213 969 2295 cogitare
998 2230 1107 2294 sapere
1135 2210 1320 2292 intellegere
1340 2223 1374 2275 14

172 2314 336 2396 prouidere
358 2319 528 2399 praestare,
554 2337 590 2380 er
614 2319 761 2382 omnibus
782 2321 888 2382 autem
908 2319 1098 2382 animalibus
1117 2317 1212 2381 horno
1232 2316 1320 2380 solus

173 2421 249 2486 haec
273 2421 380 2500 habet,
410 2441 484 2507 ergo
515 2424 554 2487 ad
582 2423 633 2488 dei
662 2423 905 2488 similitudinem
933 2424 1037 2488 sactus
1066 2425 1123 2488 est.
1165 2422 1221 2486 sed
1248 2421 1319 2487 ideo

173 2528 315 2608 procedit
337 2529 369 2600 in
393 2530 519 2608 uitium,
545 2530 620 2612 quia
644 2530 681 2594 de
705 2532 830 2594 terrena
856 2530 1028 2614 fragilitate
1057 2531 1230 2612 permixtus
1258 2548 1320 2593 non

133 2660 156 2698 eo
173 2637 279 2715 potest
301 2636 333 2699 id
357 2637 441 2718 quod
466 2655 484 2699 a
504 2637 562 2701 deo
582 2637 729 2720 sumpsit,
749 2637 967 2720 incorruptum
986 2656 1164 2720 purumque
1184 2656 1320 2713 seruare,

173 2741 233 2804 nisi
257 2743 295 2806 ab
321 2743 431 2807 eodem
456 2744 512 2808 deo
537 2744 679 2808 iustitiae
702 2745 878 2827 praeceptis
901 2744 1061 2808 inbuatur.

219 2850 269 2912 19.
327 2849 388 2914 Sed
422 2850 571 2932 quoniam
605 2852 777 2934 conpactus
810 2853 869 2927 est,
898 2854 935 2915 ut
963 2851 1110 2930 diximus,
1139 2868 1155 2915 e
1185 2850 1320 2926 duobue,
1358 2864 1371 2916 1

260 3041 295 3094 22
314 3045 346 3095 ut
364 3042 490 3111 diximus]
510 3059 531 3095 c.
553 3045 595 3106 15,
616 3044 640 3097 3.

208 3148 262 3200 BP
274 3151 338 3215 (orn.
359 3153 374 3201 1
392 3166 412 3204 s.
432 3150 599 3219 14-16)]1
616 3152 791 3220 corruptellas
804 3151 832 3203 Β
886 3150 1043 3220 uoluptates
1058 3149 1128 3217 eoa,
1141 3150 1175 3217 cs.
1190 3151 1259 3202 Icst.
1281 3147 1325 3199 VI

174 3240 268 3302 19,10,
281 3239 329 3291 sect
343 3240 376 3306 cf.
391 3239 467 3306 Epit.
482 3243 528 3303 56,
542 3243 560 3292 6
573 3242 688 3293 utuntur
701 3239 840 3306 (libidinis
852 3240 978 3307 adfectu)
993 3239 1027 3292 ad
1042 3240 1126 3292 solam
1141 3239 1320 3307 uoluptatem.

174 3326 227 3379 irae
241 3326 361 3396 adfectu]
373 3327 597 3392 Bamemacaus,
616 3329 684 3382 iram
704 3331 743 3395 (m
759 3329 810 3382 det.
829 3346 863 3382 m.
881 3333 911 3397 3)
928 3333 956 3382 et
969 3328 1105 3382 adfectum
1119 3327 1147 3380 Β
1183 3327 1199 3379 2
1220 3345 1238 3380 o
1258 3327 1318 3380 dum

174 3415 410 3482 dcaaoiacipc'tP
467 3417 512 3485 iis]
525 3417 594 3483 ecc,
608 3417 650 3470 his
664 3417 720 3469 BP
759 3417 861 3470 cacB
898 3416 1067 3487 btragediae
1080 3417 1116 3480 B,
1128 3415 1270 3484 tragoedia
1284 3414 1320 3468 Ρ1

174 3504 253 3574 esset]
267 3505 336 3565 edd,
356 3507 398 3557 est
415 3505 471 3558 BP
532 3507 692 3575 arcychiitas
711 3506 759 3570 13¹,
779 3508 895 3576 arcyitas
914 3506 961 3570 B³,
981 3505 1098 3559 architas
1117 3505 1144 3558 P
1199 3507 1214 3557 6
1234 3505 1267 3572 si}
1287 3504 1320 3569 P,

174 3593 218 3660 qui
237 3609 270 3647 ec
289 3611 300 3646 s
316 3598 332 3647 22
350 3600 375 3648 et
388 3596 396 3646 i
409 3593 450 3646 13²
502 3595 696 3649 iniuria'm¹B³
733 3596 977 3666 trepressussedse
987 3595 1035 3656 131,
1054 3590 1322 3664 repressinsnestB²

172 3716 220 3761 ‘se'
238 3708 277 3762 1³²
362 3699 394 3764 et
417 3713 625 3783 patientiorem
645 3715 695 3779 er.)
715 3696 870 3775 tb——rorisBk
890 3713 1196 3778 liaeaepostcacrcsae
1236 3709 1319 3777 impc-

173 3799 368 3870 tumiltigasset
394 3801 441 3866 13¹,
470 3802 751 3872 impetummiltigauit
777 3800 818 3853 Β3
909 3802 940 3853 11
968 3798 1091 3862 111,Βὸ
1171 3798 1213 3859 12
1242 3797 1270 3849 id
1295 3797 1322 3850 P

174 3887 207 3940 13
231 3887 274 3940 dei
298 3906 349 3944 one.
372 3892 400 3944 Β
486 3897 552 3958 post
575 3890 618 3944 dei
637 3891 705 3944 haec
723 3890 968 3959 dicere-cogitare
993 3891 1055 3955 (16)
1077 3888 1183 3950 deccat,
1204 3885 1318 3939 dictrictio

173 3990 268 4030 uersas
290 3984 315 4032 et
333 3979 421 4032 tribus
439 3979 576 4046 proximis
593 3979 702 4042 coccis,
721 3979 749 4031 P
839 3979 871 4030 14
890 3977 981 4030 istoici
999 3977 1027 4029 Β
1127 3977 1230 4044 negant
1248 3974 1318 4042 edd.¹

172 4064 262 4120 recte?
350 4067 454 4121 domini
471 4067 517 4131 B1,
537 4067 617 4121 deum
635 4067 675 4119 Β3
752 4067 785 4120 15
804 4082 948 4136 coerguere
965 4066 1026 4118 Βῆ
1099 4066 1131 4118 17
1154 4063 1321 4134 praesentire

174 4157 331 4212 dubitanter
343 4157 538 4227 Heusc'ncerus,
554 4157 701 4210 Emendat.
715 4175 746 4226 p.
765 4160 822 4209 142
892 4152 1071 4208 fautem¹P²t
1122 4153 1154 4207 18
1169 4153 1203 4206 ad
1219 4152 1273 4220 dei]
1286 4152 1319 4204 P.

175 4247 279 4301 adesis*
299 4249 383 4314 (didit
401 4253 452 4316 er.)
466 4249 493 4300 Β
567 4253 630 4301 acte
648 4247 738 4300 factus
756 4263 778 4300 s.
799 4247 816 4298 l.
837 4245 902 4299 cdd.
922 4245 945 4296 si
959 4241 1000 4296 13²
1054 4243 1086 4295 21
1108 4241 1271 4312 praeceptis]
1286 4241 1319 4300 Ρ,

99 4357 100 4360 ’
175 4343 255 4409 caput
273 4341 300 4393 Β
356 4339 390 4392 22
410 4343 451 4392 est
469 4355 520 4391 our.
540 4339 567 4390 P
