3114 5004
248 385 338 449 XXII
669 385 963 455 Prolegomona.

247 581 404 645 Lactantii
428 599 497 644 esse
522 599 646 644 carmen
669 579 722 643 uix
746 579 872 644 eredere
900 580 1078 643 uideantur.
1118 579 1186 662 Ego
1216 579 1293 661 quid
1322 600 1392 646 sen-

247 687 340 751 tirem
368 687 427 749 hac
456 684 493 749 de
523 685 708 767 quaestione
736 704 809 749 cum
838 684 1083 768 significauerim
1111 684 1143 747 in
1177 684 1392 767 disputatione

255 790 810 874 116661.86161666696666166166666
836 812 867 873 p.
896 792 955 855 131
982 810 1007 855 s.
1038 793 1071 854 et
1098 791 1277 855 accuratius
1306 793 1390 858 Mus.

247 901 335 967 rhen.
359 900 476 964 XLVII
500 897 614 984 (1892)
639 920 669 981 p.
695 899 758 962 390
780 917 822 964 66.
849 895 931 960 Zone
956 894 1098 960 Phoenic
1121 896 1174 959 des
1206 896 1393 962 Lactantius

249 1006 492 1089 explanauerim
520 1005 572 1069 hic
599 1005 740 1069 breuiter
766 1004 905 1068 indicare
935 1003 1055 1068 sufficit
1087 1003 1235 1068 accedere
1268 1025 1320 1070 me
1353 1007 1393 1070 ad

249 1113 440 1178 sententiam
474 1132 582 1177 eorum
616 1113 669 1194 qui
702 1113 792 1176 uelut
823 1111 1001 1188 Betuleius,
1034 1112 1080 1176 Io.
1111 1110 1183 1174 Alb.
1216 1111 1392 1192 Fabricius,

248 1222 436 1285 Lanrbecius
469 1221 523 1304 (of.
552 1221 813 1285 Buenemannum
846 1239 876 1301 p.
907 1220 991 1282 1502
1026 1218 1097 1282 adn.
1125 1217 1160 1299 b)
1192 1219 1393 1284 Lactantium

248 1330 309 1393 hoe
345 1347 470 1393 carmen
508 1327 714 1409 conposuisse
752 1325 1026 1404 existimauerunt,
1066 1325 1122 1390 sed
1156 1324 1393 1391 adulescentem

248 1435 383 1498 necdum
406 1435 480 1499 fidei
504 1433 692 1498 christianae
716 1433 891 1499 addictum.

295 1542 339 1606 Ut
362 1541 399 1605 de
424 1541 616 1606 editionibus
641 1559 743 1622 pauca
766 1541 889 1619 addam,
913 1541 1015 1623 prima
1033 1563 1114 1624 quae
1134 1543 1275 1608 continet
1293 1542 1394 1606 Phoe-

250 1648 352 1712 nicem
377 1647 473 1712 editio
496 1647 654 1711 Lactantii
679 1649 729 1712 est
751 1647 894 1712 Romana
918 1666 945 1714 a.
973 1649 1069 1726 1468,
1098 1649 1219 1734 primus
1246 1647 1396 1712 instruxit

251 1774 375 1818 carmen
398 1754 565 1818 Betuleius
594 1751 657 1839 (ed.
682 1753 769 1816 Lact.
802 1755 886 1818 1563
919 1774 950 1836 p.
976 1756 1041 1819 534
1069 1757 1127 1839 66.)
1157 1755 1393 1820 commentario.

250 1862 379 1924 Praeter
404 1860 561 1926 Lactantii
589 1860 726 1924 editores
757 1861 1026 1925 commemorandi
1054 1865 1130 1926 sunt
1157 1862 1208 1925 hi:
1241 1862 1287 1925 Io.
1317 1859 1394 1943 Gry-

250 1967 411 2050 phiander‚
439 1967 578 2031 Phoenix
604 1967 776 2030 Poetarum
809 1967 1001 2032 carminibus
1035 1969 1213 2033 celebratus
1249 1970 1281 2031 et
1310 1986 1393 2032 com-

250 2074 436 2138 mentariolo
454 2074 644 2152 illustratus,
665 2074 756 2137 Ienae
774 2074 872 2148 1618;
895 2072 1113 2157 Gryphiander
1131 2074 1394 2140 commentarium

252 2180 339 2245 dedit
380 2180 601 2245 doctissimum
639 2179 780 2243 omnium
820 2182 914 2261 atque
952 2181 1134 2246 etiamnunc
1171 2181 1299 2258 utilem,
1338 2180 1395 2244 sed

251 2287 372 2370 primus
395 2290 500 2352 totum
524 2305 648 2351 carmen
669 2286 708 2350 ad
726 2285 1018 2368 interpretationem
1038 2287 1242 2352 christianam
1262 2286 1397 2351 detorsit

252 2413 291 2458 ne
314 2396 422 2459 nostra
444 2393 572 2475 quidem
596 2396 698 2457 aetate
723 2393 896 2468 abiectam3
921 2393 1121 2458 Burmannus
1145 2394 1177 2457 in
1202 2393 1277 2458 edit.
1303 2392 1394 2457 Clau·

253 2500 347 2576 111661,
380 2500 575 2565 Amstelaed.
611 2501 696 2564 1766
733 2520 763 2582 p.
801 2501 885 2563 1035
919 2519 960 2567 ss.
1001 2520 1073 2564 curn
1105 2500 1189 2565 notis
1221 2498 1393 2576 uariorum,

254 2626 385 2688 quarum
409 2606 544 2688 optimae
568 2605 691 2671 Nioolai
715 2606 841 2671 Heinsii
865 2607 1103 2672 obseruationes
1133 2605 1395 2686 coniecturaeque

254 2714 347 2788 sunt;
387 2713 588 2790 Wernsdori‚
626 2714 715 2778 Poet.
755 2714 811 2776 lat.
846 2713 922 2776 min.
956 2714 1022 2777 uol.
1055 2712 1104 2776 ΙΙΙ
1127 2710 1243 2798 (1782)
1274 2732 1305 2794 p.
1331 2713 1395 2774 283

253 2838 317 2896 66.;
341 2819 480 2896 Martini,
505 2819 707 2902 Lunaeburgi
733 2821 837 2895 1825;
870 2820 996 2902 Leysen
1027 2817 1260 2901 Quedliuburgi
1289 2819 1393 2894 1839;

252 2925 357 3002 Riese,
377 2924 507 2989 Anthol.
526 2926 582 2989 lat.
602 2922 718 3009 (1869)
742 2945 773 3006 p.
795 2925 858 2988 188
887 2944 930 2990 ss.
965 2923 1006 3010 (o.
1037 2925 1133 3007 731);
1171 2927 1270 2989 altera
1296 2925 1398 2988 Riesii

253 3051 333 3113 quae
357 3034 407 3095 est
428 3031 460 3094 in
481 3032 580 3113 Ieepii
599 3029 783 3109 Claudiano,
809 3033 841 3094 et
868 3031 1052 3096 Baehrensii
1081 3031 1177 3097 editio
1205 3031 1268 3094 iarn
1301 3049 1397 3112 supra

253 3140 432 3204 nominatae
466 3141 549 3203 sunt.
592 3137 680 3204 Alias
714 3138 868 3220 quasdam
897 3138 1051 3203 editiones
1075 3137 1205 3202 Martini
1228 3159 1259 3220 p.
1285 3139 1329 3201 34
1353 3157 1396 3202 ss.

254 3249 425 3312 enumerat.

298 3457 490 3523 Phoenicem
515 3457 659 3539 sequitur
682 3475 806 3521 carmen
835 3458 933 3540 uulgo
958 3456 1115 3521 Lactantii
1138 3457 1189 3521 De
1219 3456 1397 3539 passione

254 3564 404 3628 Domini
432 3563 630 3645 inscriptum.
675 3561 767 3641 Quod
794 3583 856 3628 non
885 3582 979 3645 posse
1008 3563 1105 3627 tribui
1133 3563 1307 3641 Lactantio,
1342 3563 1398 3628 sed

255 3668 385 3752 originis
415 3689 485 3734 esse
514 3671 615 3734 multo
644 3670 829 3753 posterioris
859 3689 931 3734 cum
954 3671 1172 3748 Heumannus‚
1200 3670 1327 3734 Poecile
1351 3670 1398 3732 111

255 3777 369 3858 (Η6166
404 3776 502 3861 1729)
539 3796 569 3858 p.
605 3778 667 3839 225
702 3795 745 3841 ss.
785 3776 996 3858 probauisset,
1035 3776 1183 3857 quoniam
1217 3796 1255 3840 ne
1287 3778 1398 3858 postea

256 3883 384 3965 quidem
413 3882 450 3946 de
480 3901 516 3946 ea
543 3902 576 3946 re
606 3882 744 3946 dubitari
772 3882 912 3946 desitum
941 3885 990 3946 est
1021 3882 1075 3965 (cf.
1104 3882 1249 3946 Teuffelii
1276 3883 1397 3948 Hister.

255 3990 318 4054 litt.
343 3986 433 4053 Lat.⁵
455 4010 486 4071 p.
513 3991 618 4064 1001;
647 3988 812 4066 Manitius
837 3990 921 4052 Mus.
944 3989 992 4051 rh.
1016 3988 1100 4051 XLV
1125 3987 1213 4074 156),
1240 4008 1298 4073 ego
1323 4009 1398 4071 quo-

257 4116 317 4177 que
340 4097 421 4161 hano
445 4095 663 4176 quaestionem
687 4094 823 4158 tractaui
845 4095 877 4157 in
898 4093 1225 4160 Commentationibus
1245 4095 1398 4161 Woelffli-

256 4203 357 4267 uianis
382 4199 481 4287 (Lips.
508 4199 608 4286 1891)
637 4221 667 4282 p.
693 4202 733 4265 77
759 4219 802 4266 66.
833 4197 1398 4285 (116666616616616666696661666-

257 4309 329 4371 dene
364 4306 495 4372 Gedichi
526 4306 576 4370 Dc
611 4307 760 4386 passione
788 4305 931 4389 Domini)
975 4309 1070 4389 atque
1104 4326 1202 4372 nouas
1246 4308 1398 4390 quasdem
