3114 5004
579 431 870 499 Prolegomena.
1226 436 1296 499 XLI

149 630 236 692 lerus
272 629 386 692 statuit
410 625 601 711 (Potrolopie
623 649 653 710 p.
679 625 768 712 931).
794 626 984 691 eficiuntur.
1026 628 1145 692 Nullus
1170 629 1295 692 omnino

150 735 342 816 scriptorum
358 735 646 800 ecclesiastieorum
661 733 846 798 Latinorum
866 734 992 815 saepius
1009 734 1114 799 editus
1134 738 1184 799 est
1202 755 1296 817 quam

149 842 344 906 Lactantius.
356 842 457 906 Tanta
472 843 579 905 autem
593 841 686 905 turba
696 840 871 904 editionum
886 841 1069 922 explicanda
1084 845 1133 906 est
1148 845 1296 924 certoque

150 947 271 1011 iudicio
288 947 467 1030 digerenda,
483 951 520 1011 ut
535 950 566 1010 et
580 946 753 1032 ¹historia
774 949 902 1010 tentus
927 947 1167 1011 Lactantiani
1186 967 1296 1014 nosca-

150 1056 204 1116 tur
237 1055 270 1117 et
302 1053 378 1136 quid
411 1071 553 1136 quaeque
582 1053 713 1143 illarum
744 1052 852 1116 ualeat
885 1056 1028 1135 apertum
1053 1055 1105 1118 sit.
1137 1054 1219 1118 Nam
1244 1056 1298 1137 qui

150 1162 243 1223 antea
267 1160 305 1223 de
330 1158 522 1223 editionibus
548 1159 701 1236 dixerunt,
726 1177 787 1222 non
812 1158 917 1222 solum
946 1162 1092 1222 accurata
1115 1161 1297 1226 uetustissi-

150 1286 276 1330 morum
301 1267 447 1331 codicum
472 1265 604 1330 scientia
623 1266 781 1343 carebant,
800 1265 833 1328 in
853 1283 916 1347 qua
933 1265 1175 1330 fundamentum
1193 1270 1297 1333 rectae

151 1373 190 1436 de
215 1373 407 1438 editionibus
432 1373 607 1438 sententiae
631 1372 772 1454 positum
797 1374 856 1449 ost,
877 1371 933 1435 sed
956 1392 995 1436 ne
1020 1376 1150 1438 cunctas
1170 1375 1298 1456 quidem

153 1478 309 1544 editiones
332 1479 419 1561 ipsas
443 1480 602 1543 habebant
625 1478 768 1561 cognitas
793 1479 887 1560 atque
913 1477 1009 1541 etiam
1036 1479 1189 1561 quasdam
1218 1499 1297 1562 quae

152 1605 286 1669 magnae
311 1585 508 1650 auctoritatis
534 1587 619 1662 sunt,
645 1587 701 1648 aut
723 1585 912 1669 ignorabant
935 1589 990 1649 aut
1013 1587 1233 1670 neglegebant
1254 1588 1298 1650 ita

152 1697 188 1755 nt
212 1692 250 1756 de
276 1693 460 1776 cognatione
489 1691 620 1754 'illarum
653 1691 852 1774 maximeque
885 1691 1180 1774 antiquissimarum
1204 1697 1236 1757 et
1260 1693 1297 1758 de

152 1799 373 1883 progressibus
406 1798 460 1862 uel
502 1798 596 1861 etiam
639 1798 837 1881 regressibus
876 1799 908 1862 in
946 1800 1167 1864 oonst'tuendo
1209 1804 1297 1865 textu

152 1906 244 1971 factis
268 1907 360 1989 plene
384 1909 532 1988 recteque
555 1904 695 1968 iudicare
719 1906 806 1969 nullo
831 1905 925 1970 modo
948 1909 1090 1988 0000001,
1110 1907 1157 1970 Νο
1176 1908 1297 1972 80000·

152 2013 310 2077 mannus¹
335 2012 472 2095 quidem,
499 2012 554 2094 qui
576 2012 712 2076 Praelat.
733 2012 788 2077 fol.
803 2013 823 2076 b
841 2015 859 2075 5
877 2032 919 2078 00.
944 2014 1117 2094 permultas
1143 2013 1297 2078 editiones

152 2119 320 2203 diligenter
343 2124 380 2182 ut
404 2120 486 2183 solet
517 2119 686 2194 recensuit,
721 2139 830 2183 omnes
862 2119 976 2182 habuit
1007 2119 1122 2202 quibus
1151 2121 1190 2184 ad
1218 2123 1297 2185 hano

152 2225 370 2306 quaestionem
395 2224 620 2305 expediendam
645 2244 724 2306 opus
750 2230 809 2290 est.
833 2225 876 2288 Le
900 2225 986 2288 Brun
1011 2229 1043 2290 et
1065 2227 1199 2309 Lenglet
1222 2248 1296 2292 uero

153 2331 288 2396 editores
325 2330 461 2395 Parisini
499 2332 613 2417 (1748)
638 2332 653 2394 l
676 2355 706 2417 p.
732 2332 883 2394 XXXVII
913 2352 955 2396 00.
979 2333 1164 2417 plerumque
1196 2335 1297 2399 nudos

151 2442 262 2505 titulos
296 2437 516 2502 tantummodo
550 2440 750 2502 enumerant.
778 2438 896 2502 multas
930 2442 1035 2504 tamen
1070 2441 1234 2519 editiones,
1262 2446 1298 2505 ut

150 2547 212 2629 ipsi
235 2545 385 2622 indicant,
410 2563 448 2607 ne
473 2544 621 2609 uiderunt
644 2544 784 2626 quidem,
806 2565 867 2628 qua
885 2565 917 2609 re
938 2547 1081 2610 nonnulli
1100 2566 1218 2612 errores
1238 2549 1298 2613 orti

152 2657 233 2720 sunt.
248 2654 362 2734 Itaque
377 2651 619 2733 Bipoutinornm
636 2649 751 2736 (1786)
768 2653 903 2717 ὂ11011110
916 2653 1056 2717 literaria
1070 2653 1108 2717 de
1124 2654 1297 2720 Lactantio'

153 2759 180 2844 (Ι
207 2782 238 2843 p.
268 2759 330 2822 XII
359 2756 417 2844 00.)
447 2777 483 2821 ex
512 2757 635 2822 duabus
665 2759 729 2822 illis
760 2759 953 2823 editionibus
983 2762 1067 2824 etl.
1095 2760 1133 2827 Α.
1162 2761 1299 2826 Fabricii

150 2867 240 2931 libris
269 2866 404 2929 manime
433 2865 548 2928 hausta
576 2863 660 2928 haud
689 2866 798 2947 paucis
827 2866 905 2930 locis
930 2866 1114 2950 corrigenda
1138 2870 1196 2944 001,
1221 2887 1298 2949 0000

152 2977 257 3038 autern
282 2974 429 3037 statuunt
452 2990 506 3035 sex
530 2973 649 3035 aetates
675 2972 860 3048 editionum,
881 2991 935 3036 000
956 2974 1060 3038 001100
1081 2977 1173 3038 0001;
1197 2993 1299 3055 neque

152 3081 234 3144 euim
266 3099 324 3162 per
356 3079 458 3161 spatia
491 3078 644 3160 quaedam
681 3099 844 3157 annorum,
877 3081 933 3144 sed
965 3080 1057 3144 uelut
1089 3080 1213 3146 codices
1245 3100 1300 3163 per

150 3189 286 3252 familias
309 3187 418 3269 potius
448 3185 602 3250 editiones
631 3190 708 3250 sunt
736 3187 962 3252 discribendae.
989 3187 1120 3252 Cautius
1148 3191 1299 3253 0001100-

151 3295 252 3360 ctauit
281 3294 571 3372 schoenemannus,
601 3294 803 3358 Bibliotheca
831 3294 1138 3359 historico-literaria
1170 3296 1300 3359 Patrum

151 3402 240 3465 latin.
266 3399 365 3486 (Lips.
394 3401 493 3486 1792)
517 3403 585 3483 10.
613 3402 674 3464 180
700 3420 755 3476 ss,
780 3403 1012 3482 praetereant
1040 3401 1186 3466 omittam
1209 3401 1299 3484 alios,

153 3509 246 3584 etiam
272 3508 362 3573 Rich.
384 3508 493 3573 Simon
517 3508 812 3573 commemorandus
847 3511 905 3586 est,
940 3509 993 3590 qui
1023 3507 1142 3570 Lettras·
1175 3507 1301 3571 choisies

153 3614 342 3699 (Amstelod.
369 3615 469 3697 1730)
492 3615 523 3678 ll
542 3636 573 3698 p.
596 3617 658 3678 172
680 3634 722 3680 00.
745 3614 782 3678 de
807 3614 968 3680 nonnullis
994 3614 1187 3678 editionibus
1207 3633 1300 3695 quae-

153 3722 222 3786 dam
254 3726 352 3798 reote‚
388 3722 450 3785 alia
483 3742 556 3786 sane
590 3741 684 3786 secus
715 3723 870 3804 exposuit.
903 3723 970 3805 llgo
994 3723 1157 3804 proposito
1181 3741 1232 3784 me
1255 3721 1300 3784 ita

150 3829 326 3893 rectissime
345 3829 584 3893 satisfacturum
600 3829 791 3906 existimaui,
808 3829 835 3893 si
851 3829 989 3910 primum
1004 3848 1098 3910 quam
1112 3828 1299 3892 breuissime

259 4004 496 4058 1Buenemannus
521 4003 604 4056 etiam
628 4005 657 4056 in
681 4003 906 4057 adnotationibus
930 4003 1087 4072 saepissime
1107 4002 1223 4072 priorum
1243 4002 1300 4056 edi-

151 4095 253 4148 tionum
273 4094 404 4147 lectiones
424 4092 548 4156 subiecit,
563 4092 728 4146 monendum
751 4096 843 4146 tamen
858 4092 947 4146 estiis
965 4093 1032 4146 10010
1051 4090 1161 4144 minime
1181 4091 1299 4144 omnium

152 4180 300 4235 editionum
324 4181 456 4235 lectiones
480 4196 540 4232 enm
565 4180 628 4233 dare
654 4180 773 4233 uoluisse
793 4196 881 4249 neque
902 4180 956 4233 ullo
980 4180 1059 4233 modo
1080 4198 1093 4234 0
1113 4180 1222 4233 01100110
1243 4181 1300 4234 0100

153 4273 247 4324 cenem
272 4269 438 4324 sententiam
462 4268 559 4322 deduci
581 4285 669 4338 00000.
696 4269 859 4338 Saepissime
884 4269 966 4323 etiam
992 4269 1040 4322 ubi
1063 4268 1175 4322 lectioni
1202 4286 1299 4324 nomen

157 4359 267 4412 editoris
288 4357 402 4411 alicuius
422 4357 555 4428 ascripsit,
575 4358 598 4410 is
617 4375 671 4411 non
691 4359 793 4428 primus
812 4375 871 4412 eam
891 4358 1014 4427 protulit
