3110 5004
299 1129 344 1224 L.
380 1128 565 1226 CAELI
599 1129 890 1228 FIRMIANI
926 1131 1236 1229 LAOTANTI

192 1303 488 1380 LIBRORVM
532 1305 917 1382 PERDITORVM
962 1306 1333 1382 FRAGMENTA.

428 1461 491 1524 EX
518 1460 772 1526 EPISTVLIS
801 1461 861 1525 AD
890 1459 1100 1526 PROBVM.
1139 1547 1141 1551 Ι

750 1588 775 1650 I.

232 1708 500 1792 Hieronymum
535 1708 701 1775 Commeat.
729 1713 764 1774 iri
793 1709 880 1791 episi.
904 1712 947 1775 od
973 1710 1078 1776 Galat.
1103 1713 1122 1777 l.
1143 1711 1189 1774 ΙΙ
1198 1711 1337 1792 praefat.

189 1814 363 1896 (V11425
387 1817 505 1902 Vari).-
530 1817 623 1896 Ouod
647 1819 680 1882 in
699 1819 802 1902 primo
824 1818 1130 1898 Commentariorum
1150 1820 1189 1883 ad
1208 1819 1337 1884 Galatas

187 1923 268 1994 libro
304 1944 377 1989 cum
411 1926 448 1989 de
482 1925 627 2010 gentium
661 1927 910 2009 proprietatibus
943 1926 1154 2008 disputarem,
1182 1927 1337 1990 intactum

187 2031 392 2112 reliqueram,
430 2050 515 2095 nuno
546 2031 579 2094 iu
615 2032 754 2095 secundo
778 2031 973 2095 reddendum
1005 2032 1148 2111 uidetur,
1187 2031 1242 2112 qui
1275 2031 1339 2096 sint

147 2142 164 2180 ⁵
192 2135 323 2202 Galatae
356 2140 409 2202 uel
442 2158 503 2221 quo
539 2140 570 2202 et
602 2139 686 2202 unde
715 2139 899 2202 transierint
1017 2138 1209 2202 Lactantii
1237 2137 1338 2202 nostri

188 2265 268 2327 quae
295 2245 333 2310 iu
361 2247 478 2311 tertio
508 2246 552 2309 ad
581 2246 744 2310 Probum
772 2245 964 2312 uolumine
993 2246 1030 2309 de
1060 2245 1120 2309 hac
1149 2246 1244 2329 gente
1273 2245 1338 2328 opi-

188 2355 282 2417 natus
308 2352 351 2416 sit
373 2353 471 2417 uerba
498 2373 666 2435 ponemus.
710 2352 812 2418 Galli
838 2353 944 2434 iuquit
971 2353 1187 2434 antiquitus
1216 2371 1234 2415 a
1258 2370 1337 2415 can-

186 2459 279 2523 dore
309 2460 479 2542 corporis
509 2459 667 2524 Galatae
695 2460 1011 2542 nuncupabantur
1040 2462 1076 2523 et
1105 2459 1255 2543 Sibylla
1283 2459 1338 2523 sic

186 2586 251 2632 eos
276 2568 456 2650 appellat.
490 2567 588 2648 quod
613 2567 837 2650 significare
862 2568 988 2631 uoluit
1011 2569 1134 2650 poeta,
1160 2586 1241 2630 cum
1270 2566 1336 2629 ait:

136 2707 166 2744 10
188 2676 278 2737 ‘tum
306 2675 432 2738 lactea
460 2676 559 2739 oolla
586 2674 685 2738 Auro
715 2674 983 2752 innectuntur,
1019 2693 1101 2738 cum
1129 2675 1261 2755 posset
1289 2673 1337 2737 di-

188 2799 273 2844 cere
295 2780 487 2844 ‘candida’.
511 2782 600 2845 hinc
618 2782 754 2862 utique
774 2780 925 2846 Galatia
944 2780 1152 2863 prouincia,
1172 2780 1209 2842 in
1230 2799 1337 2862 quam

188 2885 292 2951 Galli
315 2887 518 2969 aliquando
538 2889 739 2952 uenientes
756 2907 836 2952 cum
854 2887 1010 2952 Graecis
1031 2906 1068 2952 se
1088 2887 1336 2950 miscuerunt.

188 2993 287 3057 unde
311 2994 471 3076 primum
497 3014 537 3058 ea
559 2995 666 3079 regio
692 2993 969 3078 Gallograecia,
993 2996 1080 3077 post
1104 2992 1257 3058 Galatia
1280 3013 1337 3058 00-

186 3100 331 3164 minata
359 3103 425 3166 est.
460 3121 517 3166 nec
534 3103 651 3165 mirum
672 3102 700 3167 si
714 3102 775 3166 hoc
793 3102 848 3165 ille
870 3101 908 3165 de
930 3100 1053 3166 Galatis
1074 3100 1187 3164 dixerit
1206 3103 1239 3164 et
1257 3100 1337 3165 occi-

138 3243 165 3280 15
189 3206 332 3272 dentales
351 3211 487 3291 populos
506 3209 604 3273 tantis
623 3209 655 3272 10
675 3208 780 3273 medio
800 3211 955 3272 terrarum
974 3207 1086 3290 spatiis
1105 3207 1338 3289 praetermissis

186 3313 218 3375 10
244 3312 383 3380 Orientis
406 3317 501 3399 plaga
525 3316 708 3381 consedisse
732 3315 926 3393 memorarit,
952 3334 1025 3380 cum
1051 3318 1176 3379 constet
1199 3313 1336 3378 Orientis

186 3423 297 3484 contra
329 3425 361 3486 et
391 3422 541 3487 Graeciae
566 3423 708 3487 examina
734 3423 774 3486 ad
798 3421 979 3486 Occidentis
1003 3422 1119 3485 ultima
1140 3421 1336 3503 peruenisse.

223 3612 256 3666 de
281 3613 407 3681 epistolis
438 3614 477 3667 ad
499 3615 622 3666 Probum
650 3615 683 3680 cf.
717 3611 802 3667 Urber
830 3613 873 3666 die
897 3610 1263 3680 Baistebrropsoerbc‘iltrrisse
1290 3611 1337 3664 der

186 3701 411 3768 Proeoscbriftrrr
430 3702 476 3754 des
494 3701 573 3753 Lact.
587 3743 592 3753 .
605 3743 610 3754 .
625 3717 656 3768 p.
675 3704 732 3754 125
750 3719 770 3755 s.
836 3703 852 3754 8
873 3700 987 3769 Sibylla]
1007 3703 1041 3767 cf.
1065 3700 1144 3754 Orac.
1165 3699 1263 3768 Sibyll.
1282 3699 1340 3753 III

189 3790 255 3841 485,
278 3792 345 3842 509.
369 3791 435 3842 599.
460 3789 486 3842 V
504 3793 565 3842 340
654 3791 670 3843 9
690 3790 781 3859 poeta]
805 3791 880 3858 Vera.
900 3790 970 3843 Aea.
994 3789 1077 3841 VIII
1095 3792 1154 3841 660
1172 3805 1192 3841 0.
1277 3789 1335 3841 1000

186 3875 333 3930 Lactantii
358 3878 415 3943 (arel
432 3877 529 3944 potios
554 3877 730 3948 Hieronymi)
753 3894 820 3932 osus
842 3883 881 3932 est
903 3879 1038 3944 Isidorus,
1066 3877 1138 3946 Orip.
1163 3877 1213 3930 IX
1235 3880 1262 3940 2,
1285 3879 1336 3929 68.·

188 3963 336 4019 Galatae..
350 4007 354 4017 .
368 3964 477 4019 Graecis
492 3967 604 4019 admixti
616 3967 733 4035 primum
747 3967 925 4036 Gallograeci,
939 3983 1010 4019 nunc
1026 3982 1056 4018 er
1072 3966 1184 4034 antiquo
1197 3965 1334 4020 Gallorum

190 4053 297 4107 nomine
317 4052 430 4107 Galatae
448 4057 638 4123 nuncupantur
658 4055 742 4122 (idem
754 4056 834 4110 XIV
852 4060 878 4122 3,
896 4059 962 4124 40);
979 4053 1084 4125 §metr
1105 4055 1177 4109 Galli
1192 4073 1208 4108 a
1221 4055 1334 4108 candore

191 4143 307 4211 corporis
326 4145 476 4212 nuncupati
494 4146 570 4197 sunt:
589 4143 658 4215 γάλα
678 4146 749 4198 enim
768 4161 863 4214 graece
882 4146 924 4198 lac
944 4145 1050 4198 dicitur.
1071 4143 1142 4197 unde
1158 4146 1186 4196 et
1198 4143 1334 4212 Vergilius

189 4231 308 4300 (Sibylla
326 4232 404 4286 codd.
425 4233 551 4301 paridam)
571 4233 609 4286 sic
629 4250 674 4286 eos
695 4233 824 4303 appellat,
845 4251 904 4288 cum
918 4234 956 4286 ait
972 4233 1004 4286 de
1017 4235 1063 4287 iis:
1085 4236 1152 4286 ‘turn
1165 4233 1253 4286 lactea
1266 4233 1335 4286 colla

190 4319 262 4373 Auro
281 4321 475 4376 innectuntur'.
