3164 5000
501 414 551 465 De
581 413 750 482 opificio
780 412 841 466 dei
868 413 972 466 liber
999 415 1076 466 34.
1313 419 1353 480 15

206 608 309 687 fieret,
339 612 376 673 ut
403 609 443 672 ad
471 628 543 672 eum
571 609 700 672 morbus
730 611 762 672 et
785 608 949 692 aegritudo
978 609 1062 672 adire
1087 629 1148 674 non
1171 613 1290 692 posset,
1315 629 1353 672 ne

205 735 294 779 mors
323 716 452 798 quidem
478 719 598 796 posset,
628 716 776 796 quoniam
804 734 889 780 mors
919 715 1062 797 sequella
1089 717 1269 780 morborum
1293 719 1352 783 eet.

205 822 368 886 inmatura
390 841 464 886 uero
488 841 573 886 mors
598 821 754 904 quomodo
780 823 906 886 abesset
929 821 966 885 ab
992 841 1027 885 eo
1052 822 1104 887 eui
1127 825 1213 887 esset
1237 821 1353 886 eonsti-

204 931 281 993 tuta
302 931 451 993 matura?
475 948 587 1012 nempe
611 930 735 992 nullum
762 929 923 993 hominem
951 928 1032 992 mori
1059 929 1173 992 uolunt
1194 929 1256 992 nisi
1280 947 1353 992 eum

164 1054 181 1092 ⁵
207 1035 419 1100 centesimum
434 1035 547 1100 aetatis
564 1035 760 1117 eoupleuerit
779 1055 904 1101 annum.
952 1035 1109 1116 quomodo
1129 1035 1194 1099 illis
1213 1034 1245 1098 in
1264 1036 1353 1099 tenta
1370 1053 1389 1105 4

204 1141 416 1224 repugnantia
438 1161 542 1206 rerum
565 1142 683 1224 poterit
705 1142 785 1206 ratio
810 1142 978 1209 constare?
1002 1144 1038 1205 ut
1057 1142 1141 1206 euim
1160 1144 1231 1206 ante
1255 1161 1352 1207 annos

206 1241 338 1312 eentum
361 1249 441 1312 mori
465 1249 600 1331 quisque
624 1268 686 1313 nou
709 1249 821 1331 possit,
847 1249 967 1330 aliquid
989 1249 1038 1313 illi
1060 1249 1181 1313 roboris
1202 1249 1286 1331 quod
1310 1250 1353 1314 sit

203 1354 375 1418 inmortale
398 1353 602 1418 tribuendum
626 1357 693 1419 est:
724 1374 784 1432 quo
813 1373 963 1419 concesso
992 1373 1121 1419 neeesse
1146 1356 1195 1418 est
1218 1355 1353 1420 eondiei-

206 1479 301 1525 onem
323 1460 435 1524 mortis
460 1460 591 1524 excludi.
638 1461 672 1524 id
692 1464 797 1525 autem
820 1461 927 1543 ipsum
951 1461 1129 1525 cuiusmodi
1152 1463 1259 1543 potest
1283 1481 1352 1526 esse
1371 1478 1416 1531 a

144 1589 179 1626 ιο
204 1567 293 1648 quod
315 1567 476 1631 hominem
499 1576 608 1632 eontra
630 1569 757 1632 morbos
779 1568 911 1632 otiatus
931 1568 1080 1632 extrarios
1101 1568 1239 1638 solidum
1258 1570 1351 1650 atque

202 1673 483 1756 inexpugnabilem
506 1672 627 1738 faeiat?
652 1692 725 1737 oum
750 1673 833 1737 enirn
852 1675 977 1737 constet
996 1692 1031 1736 ex
1051 1673 1176 1738 ossibus
1197 1676 1229 1737 et
1246 1673 1351 1738 neruis

204 1783 240 1843 et
260 1779 436 1844 uisceribus
456 1783 489 1844 et-
507 1781 670 1864 sauguiue,
691 1780 767 1862 quid
784 1780 898 1843 horum
916 1782 1023 1862 potest
1042 1799 1111 1844 esse
1129 1783 1195 1844 tam
1214 1780 1350 1860 firmum,

202 1889 244 1949 ut
263 1886 466 1969 fragilitatem
485 1888 618 1968 repellat
636 1906 672 1951 ae
691 1887 851 1954 mortem?
896 1889 933 1975 ut
951 1886 1050 1970 igitur
1068 1888 1162 1950 homo
1181 1887 1350 1951 indissolu-
1370 1907 1392 1958 62

200 1993 282 2056 bilis
306 1993 348 2056 sit
371 1996 443 2058 ante
466 1993 501 2057 id
522 1992 654 2076 tempus
675 1993 760 2076 quod
782 1993 832 2057 illi
853 1995 968 2075 putant
991 1993 1168 2074 oportuisse
1189 1995 1349 2073 eonst'tui,

141 2122 174 2161 15
204 2118 243 2162 ex
269 2119 330 2180 qua
353 2100 382 2163 ei
400 2100 533 2163 materia
552 2119 665 2183 eorpus
686 2099 885 2166 attribuent?
908 2099 1034 2184 fragilia
1053 2103 1133 2164 sunt
1147 2100 1252 2164 omnia
1271 2119 1349 2182 quae

200 2203 307 2267 uideri
331 2224 366 2269 ae
389 2206 478 2290 tangi
500 2209 645 2289 possunt.
676 2208 821 2288 superest
849 2208 885 2268 ut
913 2205 1033 2286 aliquid
1061 2225 1096 2268 ex
1121 2206 1206 2269 eaelo
1230 2209 1349 2288 petant,

201 2309 355 2390 quoniam
377 2310 409 2374 in
433 2314 516 2374 terra
538 2311 618 2374 nihil
641 2314 691 2375 est
714 2311 800 2394 quod
822 2330 883 2374 non
903 2310 947 2374 sit
965 2310 1134 2374 infirmum.
1183 2329 1255 2375 eum
1275 2331 1348 2395 ergo
1370 2332 1389 2384 r

201 2414 252 2478 sie
276 2415 370 2480 homo
394 2416 577 2482 formandus
602 2420 688 2481 esset
711 2437 729 2481 a
752 2418 809 2482 deo
834 2419 871 2480 ut
893 2417 1036 2481 mortalis
1061 2419 1147 2481 esset
1171 2417 1349 2499 aliquando,
1401 2462 1407 2473 .

141 2603 147 2610 ἱ
198 2539 254 2584 res
278 2521 348 2603 ipsa
371 2523 515 2607 erigebat
538 2526 575 2588 ut
597 2526 720 2588 terreno
745 2526 777 2588 et
803 2523 910 2606 fragili
938 2543 1065 2606 corpore
1093 2523 1274 2608 fingeretur.
1298 2545 1350 2589 ne-

134 2658 171 2696 20
201 2645 294 2692 cesse
329 2603 378 2693 e⁰st
409 2630 509 2714 igitur
540 2632 577 2693 ut
608 2632 743 2693 mortem
778 2629 912 2710 recipiat
948 2629 1163 2710 quandolibet,
1202 2630 1350 2711 quoniam

200 2735 385 2816 corporalis
400 2739 467 2812 est;
498 2756 611 2820 eorpus
636 2737 719 2800 enim
748 2735 912 2820 quodlibet
940 2736 1076 2800 solubile
1100 2738 1194 2823 atque
1218 2737 1350 2800 mortale

200 2843 263 2904 est.
333 2843 518 2908 stultissimi
552 2862 636 2926 ergo,
671 2843 726 2924 qui
758 2843 796 2906 de
834 2845 936 2906 morte
974 2842 1132 2906 inmatura
1165 2845 1348 2923 queruntur,
1369 2864 1390 2916 8<

201 2949 353 3028 quoniam
376 2952 505 3014 naturae
530 2949 672 3013 condicio
697 2948 803 3012 loeunr
825 2948 874 3011 illi
897 2948 983 3014 faeit.
1007 2948 1053 3011 ita
1076 2965 1271 3029 consequens
1292 2947 1351 3011 erit

239 3209 339 3280 BPV]
358 3215 371 3264 1
387 3214 551 3279 ne—poeset
569 3226 620 3264 om.
639 3211 667 3264 P
702 3211 718 3262 2
737 3209 861 3280 sequela
885 3207 914 3274 (l
937 3212 986 3276 er.)
1005 3207 1062 3261 PV
1127 3207 1252 3297 mffiffifi
1265 3198 1302 3275 '(‘
1315 3225 1349 3261 m,

199 3301 235 3388 {2
256 3299 284 3350 Β
337 3300 475 3352 luatura
492 3299 549 3352 BP
600 3299 835 3352 brentensimum
858 3299 887 3351 P
959 3298 1079 3366 ,aetatis
1099 3297 1127 3351 P
1184 3297 1351 3366 conplauerit

200 3404 304 3441 annum
318 3390 365 3454 (=
378 3393 403 3440 et
417 3417 451 3426 -
464 3404 510 3455 er,
529 3405 600 3458 qaae
619 3388 683 3441 add.
699 3405 733 3441 m.
748 3391 780 3455 2)
796 3387 823 3440 Β
895 3386 1028 3455 conplerit
1040 3385 1068 3438 P
1141 3385 1198 3438 illie
1217 3388 1243 3453 (s
1258 3389 1307 3453 er.)
1327 3385 1354 3440 V

201 3469 286 3556 71111ι
296 3503 361 3569 (sie)
379 3502 406 3555 V
452 3501 613 3572 ι(ῃῑιῃίΡ21
653 3503 751 3572 8quo*
766 3501 798 3569 (d
812 3505 861 3567 er.)
880 3501 921 3570 V,
941 3499 1197 3555 9huiusmodiBV
1233 3499 1350 3570 loquor

202 3617 236 3684 (d
254 3619 285 3670 e'a
303 3633 338 3672 er.
364 3617 454 3671 eodem
472 3615 511 3670 d?
533 3633 567 3670 m.
594 3620 625 3684 3)
645 3617 672 3670 B
763 3583 891 3679 extradios
910 3619 958 3683 (ne
980 3615 1042 3669 add.
1063 3633 1097 3671 m.
1116 3620 1144 3682 1)
1163 3615 1196 3680 V,
1211 3619 1354 3669 extraneos

200 3705 282 3759 codd.
301 3720 362 3769 ree,
382 3705 441 3758 edd,
498 3706 532 3758 12
551 3706 694 3774 sauguine*
715 3708 754 3772 (m
773 3705 864 3774 er.)B
920 3706 953 3759 13
971 3705 1057 3774 igitur
1075 3720 1126 3758 ora.
1147 3703 1174 3757 V
1226 3704 1260 3757 14
1277 3704 1301 3756 it
1314 3702 1353 3766 B,

200 3793 253 3846 ‘id'
272 3793 311 3846 P²
383 3793 448 3862 quid
466 3794 493 3847 B
566 3794 739 3848 constituisse
758 3795 786 3848 P
857 3795 890 3848 15
912 3795 1027 3848 materia
1051 3795 1075 3846 ei
1096 3794 1121 3844 B
1194 3792 1350 3846 adtribuant

200 3887 235 3934 ret
252 3882 311 3935 uid.
331 3882 394 3949 (alt.
415 3899 431 3934 a
450 3881 575 3949 euaae'd.)
594 3883 622 3935 B
678 3884 710 3937 17
730 3885 804 3952 ergo]
823 3884 884 3948 BP,
905 3883 976 3936 euim
995 3882 1021 3934 V
1074 3882 1107 3936 18
1120 3887 1187 3948 poet
1204 3879 1353 3950 aliquando

201 3971 254 4024 boe
271 3971 317 4024 hd.
336 3977 362 4024 et
383 3972 415 4023 e'a
433 3987 518 4040 murp.
537 3971 591 4038 o'af.
608 3973 676 4026 baec
699 3975 727 4026 et
751 3989 798 4041 per
821 3989 849 4025 se
872 3973 948 4042 ipum
972 3971 1038 4039 (sie)
1058 3970 1158 4023 nobilis
1177 3985 1282 4039 semper
1300 3969 1353 4022 bs,

204 4059 270 4114 add.
286 4060 324 4110 Β3
338 4059 401 4125 (hd.
417 4065 442 4112 et
454 4059 495 4113 hs.
510 4064 580 4127 etp.
599 4063 625 4125 6,
638 4064 688 4128 10)
728 4061 760 4114 19
773 4076 861 4129 supra
874 4061 934 4128 ipsa
949 4057 1074 4128 exigebat
1088 4073 1199 4122 ramera,
1209 4056 1237 4110 P
1255 4093 1256 4098 ,
1272 4056 1305 4110 20
1318 4060 1349 4110 ut

203 4164 255 4203 om.
280 4148 311 4211 V,
330 4146 421 4202 reete?
439 4148 475 4215 ef.
489 4165 521 4216 p.
540 4152 585 4214 10,
604 4151 641 4202 19
696 4150 727 4203 21
750 4149 891 4219 quodlibet
909 4165 961 4204 ora.
980 4148 1007 4200 P
1061 4146 1186 4200 soluibile
1204 4147 1234 4200 P
1278 4162 1351 4198 mor·

203 4236 269 4290 talis
286 4236 333 4299 P¹,
352 4236 477 4288 mortale*
496 4236 535 4288 ΡΖ
589 4236 624 4288 23
644 4236 781 4305 quoniam]
799 4236 861 4300 BP,
882 4237 945 4305 quia
968 4235 995 4288 V
1064 4235 1153 4288 loeum
1172 4236 1202 4300 (ο
1221 4250 1254 4288 aar
1272 4238 1303 4303 u)
1327 4233 1353 4288 V

203 4324 289 4378 faeiat
305 4324 333 4376 P
