3114 5004
257 407 361 470 XXVI
679 406 972 475 Prolegomena.

300 600 448 665 Fortasse
473 601 571 664 etiam
595 601 640 664 De
664 620 748 683 pass.
778 602 870 666 Dom.
901 605 942 666 58
972 604 1004 666 et
1028 605 1071 666 64
1094 604 1192 666 uerba
1215 603 1303 667 ‘haec
1331 622 1399 666 mo-

256 709 440 771 numenta'
475 710 507 771 et
538 707 623 788 Epit.
649 709 690 770 38
721 707 907 791 ‘spernebat
938 710 1019 789 legis
1053 713 1129 773 tunc
1161 710 1400 773 monumenta

256 814 353 877 meae’
386 814 438 878 hic
471 816 547 878 sunt
579 815 864 882 commemoranda.
897 817 1003 880 Etiam
1036 816 1167 880 extremi
1194 835 1306 880 uersus
1337 834 1399 879 car·

254 919 377 984 minum
401 922 631 1002 quodammodo
655 922 737 986 inter
761 941 795 987 se
820 923 1007 987 concinunt:

257 1027 297 1090 78
322 1046 365 1091 ss.
389 1028 595 1112 Angelieos
619 1032 696 1094 tunc
719 1029 804 1093 laeta
850 1030 892 1092 lo
925 1048 1000 1093 s...
1039 1029 1245 1112 Angelicos
1282 1027 1400 1110 poterit

299 1134 809 1217 chorosaciesquebeatasSanc-
899 1137 1011 1200 uultus
1062 1136 1217 1218 sedesque
1267 1135 1398 1199 beatas

298 1242 403 1305 torum
413 1240 586 1322 inspiciens
597 1245 741 1307 aeternae
752 1262 805 1325 pa·
896 1242 1021 1307 Visere:
1056 1242 1255 1308 Christicolis
1285 1241 1399 1325 gaudia

299 1347 344 1411 cis
377 1366 509 1412 amoena
536 1349 693 1431 Perpetuo
731 1349 807 1413 felix
897 1353 985 1413 tanta
1009 1350 1100 1416 dabo.

298 1472 424 1517 mecum
447 1455 593 1536 regnabit
615 1454 647 1518 in
672 1457 755 1520 aula.

255 1557 410 1638 Quartum
434 1579 559 1624 carmen
585 1562 766 1643 corpusculi
786 1564 836 1626 est
855 1559 1022 1643 Cantaticij
1035 1561 1207 1626 Excusatia
1226 1562 1269 1624 ad
1288 1559 1399 1624 Sacra-

255 1668 318 1728 tiss.
347 1667 501 1750 uirginem
526 1659 671 1730 Mariana
695 1669 729 1729 in
753 1668 804 1731 die
828 1667 994 1733 Passionis
1021 1666 1151 1736 Christi.
1175 1670 1212 1732 ln
1241 1687 1303 1751 quo
1327 1687 1399 1732 cum

254 1773 378 1856 singula
397 1773 551 1855 quaedam
574 1774 732 1856 passionis
753 1772 871 1838 Christi
895 1775 992 1840 simili
1012 1776 1119 1840 ordine
1139 1777 1171 1839 et
1190 1773 1399 1857 descriptione

254 1881 348 1961 atque
371 1879 403 1942 iu
428 1880 564 1943 carmine
588 1881 635 1945 De
659 1901 743 1963 pass.
764 1881 859 1946 Dom.
883 1882 920 1946 fit
942 1885 1170 1964 proponuntur,
1194 1884 1264 1945 tum
1287 1898 1399 1944 uersus

255 1987 272 2048 7
299 1987 358 2049 ‘Tu
390 1988 516 2049 tantum
555 1988 656 2052 salue.
689 1988 813 2052 crucis
843 2008 860 2053 o
889 1988 1108 2052 uenerabile
1141 1987 1294 2072 lignum’
1329 2005 1399 2050 con-

253 2093 410 2175 parandus
435 2097 484 2156 est
508 2112 581 2157 cum
600 2114 631 2158 u.
653 2095 695 2157 50
714 2094 762 2158 De
781 2114 865 2175 pass
886 2095 980 2158 Dom.
1001 2095 1120 2158 ‘Flecte
1135 2113 1218 2177 genu
1242 2093 1399 2177 lignum-

253 2219 313 2281 que
343 2201 467 2265 crucis
497 2200 718 2265 uenerabile
743 2199 871 2264 adora1
893 2237 937 2246 -
957 2200 1107 2281 Sequitur
1126 2199 1268 2264 eiusdem
1286 2201 1398 2282 poetae

256 2301 476 2387 Contemplatio
504 2307 547 2369 ad
579 2306 761 2386 crncifianna
780 2304 902 2392 (prior),
928 2305 1082 2387 incipiens
1107 2306 1244 2388 ‘Aspice
1269 2325 1398 2388 quaeso,

254 2413 302 2477 tui
326 2432 406 2495 quae
431 2416 506 2478 sunt
528 2414 606 2494 (sic)
630 2415 787 2479 tormenta
805 2413 971 2497 magistri.
990 2413 1075 2477 Illud
1096 2413 1229 2495 ‘Aspice'
1249 2414 1280 2477 in
1299 2413 1398 2478 initiis

252 2539 306 2584 sex
329 2499 483 2584 uersuum
506 2521 661 2603 repetitur
680 2519 733 2602 qui
754 2520 916 2584 continent
940 2520 1206 2584 enumerationem
1230 2520 1398 2584 uulnerum

254 2623 371 2689 Christi
396 2625 499 2705 qualis
524 2625 620 2688 etiarn
643 2625 675 2688 in
701 2625 838 2689 carmine
857 2626 904 2689 De
928 2644 1012 2707 pass.
1031 2625 1125 2689 Dom.
1149 2627 1207 2689 est.
1229 2625 1399 2708 Perspicua

253 2734 302 2796 est
334 2733 479 2814 cognatio
514 2733 628 2796 horum
659 2751 830 2796 uersuum:
868 2732 915 2796 De
948 2750 1032 2814 pass.
1061 2715 1154 2795 Dom.
1178 2733 1231 2795 40.
1256 2733 1298 2795 42
1324 2751 1397 2800 s...

253 2838 455 2920 ‘aspice
481 2839 669 2920 spinisque
694 2841 790 2920 caput
814 2838 1035 2902 crudelibus
1064 2838 1225 2916 haustum,
1251 2838 1398 2921 Undique

253 2945 339 3008 diua
362 2946 477 3026 pluens
501 2946 613 3009 uiuum
638 2965 734 3028 super
762 2965 823 3010 ora
852 2946 1043 3022 cruorem,
1069 2947 1101 3008 et
1125 2944 1301 3027 Contempl.
1329 2946 1346 3008 7
1372 2967 1398 3012 s.

253 3051 399 3133 ‘Aspice
423 3071 518 3134 quam
552 3051 677 3116 saeuis
702 3052 823 3135 spinis
852 3051 904 3134 pia
927 3054 1071 3133 tempora
1100 3050 1225 3128 sudent,
1258 3050 1397 3134 Aspice

252 3162 389 3240 quantus
414 3162 466 3224 eat
489 3162 621 3224 sancta
647 3179 703 3241 per
727 3179 789 3223 ora
812 3160 940 3224 cruor’.
965 3195 1008 3204 -
1032 3158 1142 3221 Altera
1166 3157 1333 3222 Cantalicii
1359 3159 1398 3222 ad

253 3264 443 3330 Crucifinum
468 3267 700 3349 Contemplatio
728 3266 826 3330 habet
852 3285 981 3331 uersum
1005 3265 1060 3350 (13
1085 3266 1157 3329 Huc
1186 3267 1306 3342 oculos,
1335 3265 1399 3330 huo

252 3376 341 3436 uerte
365 3374 498 3452 animae,
517 3375 581 3438 huc
601 3374 700 3455 dirige
719 3373 875 3455 mentem)
900 3373 991 3437 cuius
1014 3372 1119 3454 imago
1139 3372 1293 3452 quaedam
1315 3371 1400 3436 redit

251 3480 299 3543 De
322 3499 407 3562 pass.
432 3481 525 3546 Dom.
551 3483 586 3544 3:
611 3481 746 3563 Respice
770 3501 830 3560 me,
855 3500 906 3545 me
931 3479 1030 3545 conde
1054 3480 1168 3555 animo,
1193 3497 1243 3542 me
1270 3482 1397 3561 pectore

253 3605 352 3650 serua.
382 3624 425 3634 -
453 3587 490 3650 ln
522 3588 615 3652 tertio
645 3587 826 3670 corpusculi
855 3587 990 3650 carmine
1020 3585 1104 3667 quod
1130 3585 1319 3666 inscriptum
1349 3588 1398 3649 est

256 3689 372 3754 Carine
390 3689 551 3773 Sapphica
582 3692 753 3774 Rapbaelis
787 3691 981 3773 Zaneneonij
1014 3688 1176 3777 P.(oetae)
1209 3689 1398 3774 L.(aureati)

251 3798 289 3861 dc
314 3798 463 3878 passione
494 3799 613 3862 donini
644 3800 743 3862 nostri
774 3800 840 3862 iesa
871 3795 988 3861 Christi
1015 3799 1105 3862 locus
1133 3797 1253 3881 legitur
1274 3797 1327 3862 hic
1351 3794 1396 3883 (u.

252 3906 294 3967 33
318 3901 358 3990 s.)
383 3903 545 3982 ‘Choma
570 3905 597 3969 si
616 3905 675 3983 fas,
701 3905 899 3986 speculare
922 3905 1055 3967 uultus
1081 3903 1250 3987 Sanguinis
1274 3905 1395 3987 plenos'

360 4059 369 4092 ¹
387 4060 438 4113 Est
460 4060 535 4113 locus
559 4059 692 4114 ‘Orientii'
716 4059 757 4112 De
781 4059 906 4112 trinitate
924 4061 959 4113 49
980 4060 1095 4130 ‘Aspice
1113 4077 1253 4131 percussor
1277 4060 1396 4122 demens,

252 4148 446 4203 uenerabile
474 4149 617 4218 lignum,
642 4148 870 4201 aBuenemanno
894 4148 1038 4203 indicatus.
1062 4149 1094 4202 In
1120 4166 1172 4218 quo
1198 4165 1257 4202 curn
1281 4166 1336 4202 uon
1360 4151 1397 4202 sit

252 4255 303 4292 uox
321 4237 433 4300 ‘c1·ucis'‚
454 4253 534 4305 quarn
552 4235 636 4290 habet
655 4239 683 4289 et
702 4237 820 4290 auctoris
843 4236 885 4290 De
908 4254 980 4307 pass.
999 4239 1078 4292 Dom.
1099 4240 1126 4292 ct
1145 4237 1289 4292 Cantalicii
1312 4238 1396 4301 locus,

252 4328 365 4397 apparet
384 4326 544 4379 alterutrum
562 4343 640 4378 usum
656 4342 714 4380 esse
729 4326 824 4389 altero,
839 4343 893 4379 non
909 4329 1053 4397 utrumque
1068 4343 1098 4380 ex
1113 4326 1254 4380 ‘Orientis'
1270 4326 1395 4396 pendere.
