3110 5004
470 427 606 480 Deire
635 427 696 482 dci
724 427 831 481 liber
859 427 974 482 20-21.
1221 435 1281 498 121

142 629 173 690 et
195 625 344 690 notitiam
368 625 418 691 dei
447 625 642 702 excitauerit,
673 643 804 688 curuare
833 643 867 689 se
896 625 935 688 ad
963 628 1079 689 terram
1106 627 1289 690 maluerunt

142 735 173 796 et
194 731 355 815 pecudum
379 730 473 795 modo
498 731 588 794 humi
610 749 728 812 repere.
797 730 927 794 humilis
953 732 1035 795 enim
1060 734 1092 796 et
1115 751 1232 796 coruus
1258 735 1289 796 et
1309 742 1340 795 11

141 858 258 921 pronus
284 840 334 904 est
357 838 412 920 qni
435 838 473 902 ab
499 840 631 920 aspectu
656 839 735 902 caeli
760 838 872 919 deique
894 839 994 920 patris
1019 858 1151 904 auersus
1175 842 1290 904 terram

143 964 237 1026 quam
261 946 382 1010 calcare
407 945 569 1022 debuerat,
593 945 626 1008 id
650 947 700 1009 est
724 944 762 1008 de
785 947 868 1008 terra
890 944 966 1008 ficta
989 947 1021 1008 et
1042 945 1179 1010 formata
1195 966 1290 1011 uene-

113 1076 123 1113 ⁵
142 1054 237 1116 ratur.
306 1053 339 1115 in
362 1054 453 1116 tanta
474 1051 573 1135 igitur
594 1051 747 1134 inpietate
771 1051 936 1115 hominum
959 1053 1121 1134 tantisque
1148 1054 1288 1135 peccatis
1310 1073 1343 1126 12

141 1159 173 1222 id
197 1159 385 1242 adsequitur
406 1159 561 1242 patientia
585 1159 645 1237 dei,
670 1163 708 1222 ut
731 1178 765 1223 se
784 1159 847 1241 ipsi
866 1158 1011 1224 homines
1031 1159 1186 1224 damnatis
1206 1160 1290 1224 uitae
1405 1165 1408 1170 '

142 1249 254 1350 prioris
293 1266 451 1331 erroribus
490 1266 658 1350 corrigant.
697 1267 831 1348 denique
866 1268 898 1330 et
928 1267 1004 1330 boni
1041 1269 1116 1331 sunt
1150 1267 1291 1348 iustique

27 1385 30 1388 “
143 1373 237 1437 multi
261 1376 293 1436 et
321 1373 453 1438 abiectis
482 1374 613 1438 terrenis
643 1374 783 1438 cultibus
811 1374 1012 1437 maiestatem
1041 1373 1091 1437 dei
1118 1373 1290 1456 singularis

145 1483 328 1564 agnoscunt.
399 1481 455 1545 sed
479 1499 552 1545 enm
576 1480 712 1545 maxima
735 1485 767 1545 et
789 1480 964 1544 utilissima
991 1481 1034 1544 sit
1057 1480 1108 1544 dei
1129 1479 1291 1561 patientia,
1311 1494 1344 1546 13

105 1613 126 1650 10
145 1591 249 1651 tamen
284 1587 431 1669 quamuis
464 1606 534 1651 sero
568 1587 678 1652 noxios
711 1587 804 1670 punit
836 1605 893 1651 nec
921 1588 1042 1670 patitur
1068 1587 1195 1668 longius
1223 1605 1292 1669 pro·

146 1695 264 1771 cedere,
290 1714 364 1759 cum
389 1713 443 1759 eos
467 1694 717 1759 inemendabiles
743 1713 813 1758 esse
836 1693 1020 1777 peruiderit.

189 1803 242 1866 21.
289 1801 442 1882 Superest
464 1820 528 1864 una
547 1804 579 1864 et
598 1802 737 1864 extrema
756 1800 910 1881 quaestio.
935 1819 1009 1862 nam
1028 1799 1140 1863 dixerit
1157 1799 1292 1864 fortasse
1330 1817 1344 1869 1

147 1907 303 1989 quispiam
332 1907 410 1972 adeo
439 1927 500 1972 non
528 1907 623 1971 irasci
652 1907 756 1983 deum,
785 1908 823 1970 ut
851 1907 946 1970 etiam
974 1906 1006 1969 in
1033 1905 1210 1988 praeceptis
1238 1906 1293 1969 ho-

11 2093 12 2102 }
146 2013 261 2078 minem
285 2014 380 2079 irasci
403 2017 502 2078 uetet.
570 2033 699 2097 possem
724 2013 826 2077 dicere
851 2013 936 2094 quod
963 2012 1009 2076 ira
1036 2012 1172 2077 hominis
1199 2011 1292 2076 refre-
1328 2027 1345 2078 a

108 2147 128 2184 1⁵
147 2122 248 2185 nanda
269 2121 374 2199 fuerit,
395 2121 470 2203 quia
492 2121 611 2185 iniuste
636 2140 729 2203 saepe
752 2121 900 2186 irascitur
924 2123 956 2184 et
977 2123 1175 2202 praesentem
1198 2120 1295 2183 habet

146 2230 278 2305 motum,
295 2227 368 2310 quia
382 2228 567 2309 temporalis
583 2230 641 2292 est.
703 2228 812 2310 itaque
831 2247 870 2292 ne
888 2227 1001 2292 fierent
1019 2246 1055 2291 ea
1075 2245 1153 2308 qnae
1172 2226 1294 2290 faciunt
1329 2237 1346 2290 3

146 2354 200 2416 per
221 2334 301 2397 iram
326 2336 358 2398 et
379 2334 518 2398 humiles
543 2336 576 2398 et
597 2334 775 2398 medioeres
800 2337 833 2398 et
858 2334 966 2418 magni
994 2353 1096 2417 reges,
1125 2333 1296 2416 temperari

148 2440 257 2505 debuit
283 2441 371 2506 furor
399 2442 468 2506 eius
498 2443 530 2506 ct
558 2442 721 2523 conprimi,
751 2461 789 2505 ne
821 2441 939 2506 mentis
970 2443 1062 2524 inpos
1095 2441 1223 2522 aliquod
1249 2441 1294 2504 in-

150 2548 302 2630 expiabile
325 2548 449 2614 facinus
475 2549 667 2613 admitteret.
693 2548 770 2613 deus
796 2551 903 2612 autem
935 2551 967 2613 et
998 2568 1059 2613 non
1084 2549 1294 2630 adpraesens

109 2679 131 2716 ro
149 2654 305 2746 irascitur,
330 2655 405 2738 quia
428 2659 575 2720 aeternus
600 2659 650 2720 est
671 2656 892 2739 perfectaeque
911 2657 1052 2732 uirtutis,
1073 2659 1105 2719 et
1123 2673 1296 2736 numquam

148 2761 209 2826 nisi
231 2757 344 2828 merito
368 2763 526 2843 irascitur.
556 2763 612 2826 sed
636 2766 741 2827 tamen
765 2782 827 2827 non
851 2765 895 2826 ita
920 2782 953 2827 se
976 2782 1026 2826 res
1044 2763 1151 2826 habet.
1221 2780 1293 2824 nam
1329 2777 1348 2829 4

150 2869 176 2932 si
208 2869 333 2934 omnino
367 2869 548 2952 prohiberet
579 2869 687 2947 irasci,
720 2870 789 2952 ipse
823 2869 1054 2951 quodammodo
1090 2868 1296 2952 reprehensor

150 2976 265 3058 opificii
291 2976 342 3040 sui
365 2976 490 3053 inisset,
516 2977 591 3058 quia
618 2977 649 3041 in
678 2977 833 3061 principio
861 2977 941 3040 iram
969 2973 1078 3062 [iecur]
1107 2974 1227 3040 homini
1250 2974 1294 3036 in-

182 3193 253 3262 BP]
272 3195 285 3247 1
307 3193 479 3247 excitauerut
494 3195 528 3260 (n
548 3197 598 3261 cr.)
618 3193 646 3246 P
734 3195 751 3246 2
773 3193 879 3246 humisa
904 3195 951 3258 (an
976 3195 1026 3259 cr.)
1046 3191 1086 3256 B;
1109 3191 1185 3244 humi
1203 3205 1295 3259 repere

149 3297 197 3348 eor.
213 3282 240 3334 P
294 3281 452 3350 3aspectu·
468 3281 495 3347 (i
515 3282 606 3350 cr.)B
680 3299 803 3336 asnersus
822 3281 853 3347 (d
873 3280 964 3349 cr.)B
1036 3283 1135 3334 terram
1156 3279 1246 3347 quam]
1261 3279 1293 3340 P,

148 3373 280 3424 terrenam
295 3369 342 3433 13¹,
362 3369 629 3451 terrenaqufae³B²
661 3370 863 3428 ,Scultuibns
884 3374 927 3437 (or
941 3373 991 3437 cr.)
1005 3369 1032 3422 Β
1105 3368 1256 3437 singulares
1269 3367 1302 3442 P·

150 3441 296 3512 ronoxius
314 3459 372 3522 ΒΜ,
393 3475 461 3514 corr.
480 3477 515 3513 m.
534 3465 550 3513 1
567 3460 612 3514 uel
631 3463 651 3513 2
743 3462 775 3515 13
800 3459 1070 3530 irasci-praeceptis
1088 3460 1120 3511 to
1138 3458 1190 3526 inf.
1209 3473 1294 3526 marp.

151 3549 213 3602 add.
241 3549 282 3601 Β3
364 3551 398 3603 14
427 3549 528 3603 discere
558 3553 584 3615 (s
612 3553 663 3617 cr.)
692 3551 720 3603 Β
794 3551 827 3603 16
854 3565 904 3602 nec
931 3549 958 3600 Β
1051 3549 1092 3616 ea]
1121 3547 1154 3626 P,
1183 3546 1246 3615 qnia
1268 3545 1313 3600 Β.

150 3639 182 3691 17
205 3655 283 3708 reges
309 3640 371 3706 (alt.
397 3656 410 3692 e
435 3656 468 3693 cx
490 3640 513 3707 i)
537 3639 565 3691 B
657 3631 690 3693 18
718 3639 817 3692 mentis
845 3639 923 3708 inpos
952 3637 1048 3706 recepi,
1078 3636 1177 3712 mentis
1203 3636 1294 3704 inpos:

150 3727 227 3782 sibile
250 3727 278 3780 P
299 3727 376 3782 codd.
401 3744 462 3790 rec,
486 3729 549 3796 post
573 3726 638 3792 (om.
667 3716 779 3793 mentis)
806 3727 845 3792 B;
871 3727 964 3779 danao
991 3724 1144 3778 Gulclmo'us
1168 3724 1294 3793 (Qaacst.

149 3819 179 3869 iro
208 3817 309 3870 Plana·
339 3815 509 3870 Meuaccbm.
545 3831 605 3884 cop.
640 3815 694 3879 IV,
731 3815 842 3869 Grotcre'
874 3813 1014 3882 Lacipad.
1048 3813 1104 3866 col.
1137 3807 1194 3865 ΙΙΙ
1218 3818 1295 3880 part.

150 3905 234 3973 Hp.
261 3898 453 3973 406)mei1tis
477 3905 565 3974 impos
585 3903 673 3957 abile
696 3904 741 3957 ael
763 3905 792 3957 in
819 3903 883 3966 bile,
913 3919 990 3971 quem
1017 3902 1077 3956 cdd.
1106 3903 1191 3956 semoti
1218 3907 1295 3966 soom

152 4011 189 4046 aa
206 3976 397 4062 mentisinpos
411 3991 488 4046 ille?
526 3995 558 4046 19
574 3992 731 4046 admitteret
743 3992 838 4046 statim
857 4009 889 4046 car
908 3991 1063 4045 admittitur
1077 3992 1104 4044 B
1159 3993 1186 4044 et
1199 3990 1295 4057 omB,

151 4083 239 4136 recte?
330 4082 363 4134 20
392 4081 522 4150 quialB,
547 4082 660 4149 et'quia
678 4081 706 4134 P
733 4081 780 4148 (cf.
799 4086 878 4150 part.
898 4081 920 4134 1
931 4097 962 4149 p.
990 4079 1100 4134 CXIII
1120 4080 1159 4133 od
1178 4083 1238 4146 171,
1263 4080 1294 4145 8)

153 4171 183 4223 21
203 4170 343 4224 habentB
383 4170 417 4222 22
436 4169 608 4239 reprehensio
629 4173 808 4237 (quamquam
827 4166 911 4223 autea
929 4170 987 4238 ipse
1006 4167 1138 4235 leabct)B
1183 4167 1217 4220 23
1233 4166 1297 4234 qnia

154 4260 215 4313 ancl
234 4259 279 4328 qui
299 4262 328 4326 a)
343 4259 371 4311 in
400 4259 510 4325 (leuiter
536 4262 586 4326 er.)
614 4258 745 4328 principio
764 4258 798 4324 P,
826 4256 938 4327 quiB1,
963 4275 979 4310 a
1001 4256 1133 4327 principio
1152 4256 1219 4308 iram
1236 4271 1257 4308 a.
1278 4255 1295 4308 l.
1365 4310 1371 4328 Ι,

106 4377 108 4379 -
155 4347 211 4414 (dd.
234 4348 282 4412 B³,
307 4347 380 4402 aride
405 4349 452 4417 qui
471 4365 487 4402 a
505 4347 637 4418 principio
660 4347 726 4400 iram
756 4346 931 4413 Tbomaec'us,
945 4347 1014 4412 fort.
1033 4350 1110 4410 recte,
1130 4344 1165 4411 cf.
1178 4344 1234 4413 frp.
1259 4343 1297 4396 V:
