3114 5004
286 409 420 473 XXXVI
704 410 997 480 Prolegomena.

391 600 457 654 Post
476 601 586 655 veniens
604 601 684 654 iudex
703 603 797 656 stricta
816 603 917 657 iudicia
936 607 1063 674 tenptans

426 691 508 743 Iustis
527 691 678 744 retribuens
697 693 799 760 premis
817 692 888 746 bona
907 695 999 762 gratis.

391 777 443 843 Qui
462 779 593 832 scandens
612 795 722 848 superos
741 780 875 833 infernum
896 781 1061 849 despoliasti,

426 867 534 921 Ducens
553 867 587 920 ad
608 868 679 921 celos
699 869 867 937 captivitatis
888 887 963 923 onus.

390 953 490 1009 Concio
509 959 568 1009 tota
588 957 637 1026 celi
657 957 759 1010 letatur
777 958 858 1012 laude
877 959 998 1028 perenni,

425 1043 462 1097 Te
482 1044 576 1098 videns
596 1045 733 1098 dominum
754 1044 788 1099 ad
807 1046 919 1100 rediisse
938 1064 1081 1101 summum.

390 1132 483 1186 Victor
501 1133 570 1186 alme
590 1138 694 1203 potens,
714 1138 819 1187 nostras
838 1152 909 1188 nunc
930 1137 1034 1206 suscipe
1053 1153 1153 1205 preces.

426 1223 506 1277 Salva
524 1241 573 1276 nos
592 1224 708 1285 domine,
728 1240 761 1277 ne
781 1241 920 1292 pereamus
940 1225 1018 1278 ultra.

321 1315 331 1338 ”
391 1313 548 1382 Loquuntur
567 1314 648 1366 variis
667 1313 768 1380 linguis
788 1314 926 1382 magnalia
945 1312 1054 1376 Christi,

423 1402 559 1472 Discipuli
579 1402 648 1456 firmi
667 1404 778 1454 manent
796 1402 824 1453 in
844 1419 874 1455 eo
894 1419 1006 1471 semper.

388 1489 488 1543 Factus
507 1494 549 1543 est
568 1506 649 1542 sonus
668 1489 701 1542 de
723 1490 779 1542 celo
799 1493 964 1559 repenteque
983 1507 1104 1560 magnus,

425 1579 545 1648 Singulis
564 1579 698 1648 inspirans
718 1579 807 1632 dulcia
827 1582 904 1648 grata
922 1580 982 1648 pins
1003 1581 1036 1645 (l.
1056 1581 1130 1649 piis).

389 1667 465 1720 Talis
483 1670 624 1722 cernentes
643 1668 775 1720 mirantur
795 1670 876 1736 atque
896 1667 1038 1736 loquentes

424 1756 577 1825 Discipulos
596 1756 653 1810 eius
675 1772 726 1825 que
745 1773 800 1809 non
819 1756 911 1809 videre
931 1758 1013 1824 prius.

387 1844 538 1897 Promissus
557 1846 642 1912 patris
660 1843 741 1897 hodie
761 1844 900 1898 descendit
919 1845 952 1897 ab
972 1847 1027 1898 alto

424 1931 585 1986 confortans
605 1933 674 1986 filios
693 1933 892 2003 respiciensque
912 1949 983 1986 suos.

387 2022 446 2075 lllis
466 2022 591 2091 apparuit
609 2039 657 2092 per
674 2023 782 2092 linguas
802 2023 840 2075 sic
859 2023 1000 2091 variasque

424 2113 570 2165 Succensas
588 2111 651 2180 igne
671 2111 753 2164 cicius
770 2113 825 2164 ista
843 2112 919 2167 finnt.

318 2201 328 2214 '
387 2201 503 2271 Spiritus
523 2201 592 2253 alme
611 2201 680 2263 veni,
700 2199 774 2267 reple
793 2216 864 2252 nunc
883 2204 999 2268 pectora,
1019 2217 1113 2254 sensus

424 2289 460 2343 Ut
478 2293 537 2342 totu
555 2305 630 2342 mens
649 2292 742 2341 nostra
761 2289 854 2342 ardeat
873 2289 945 2342 ultra
964 2291 1016 2359 pia.

385 2378 417 2431 In
437 2395 485 2430 nos
505 2378 583 2430 mitte
603 2378 689 2445 patris
708 2377 868 2445 promissum
888 2381 975 2430 rector
994 2377 1027 2430 ab
1047 2379 1127 2430 astris

422 2468 550 2524 Pneuma,
571 2464 643 2534 quod
662 2465 791 2519 emundet
809 2466 907 2518 crimen
928 2469 955 2517 et
975 2482 1052 2519 omne
1072 2467 1152 2520 lavet.

385 2555 453 2625 Igne
472 2556 513 2607 sui
532 2555 603 2623 iugis
622 2553 737 2606 famulos
757 2553 904 2606 inflammet
923 2554 1029 2616 amoris,

300 2647 310 2672 f
421 2643 507 2698 Ardor
526 2659 578 2712 quo
598 2642 661 2695 fidei
678 2642 772 2697 floreat
791 2645 872 2712 atque
892 2642 958 2710 spei.

386 2735 481 2787 Servet
499 2734 527 2786 in
546 2733 625 2786 exilio
644 2749 692 2785 nos
712 2733 769 2802 ipse
788 2732 942 2800 paracletus
961 2733 1023 2795 isto,

422 2823 537 2885 Soletur,
558 2821 657 2885 foveat,
678 2822 809 2891 provehat
828 2823 910 2890 atque
929 2827 1016 2890 regat.

386 2911 522 2980 Suggeret
542 2913 570 2963 et
589 2910 666 2963 nobis
685 2911 757 2962 vitae
776 2913 921 2978 praecepta
939 2910 1064 2978 perennis

421 2999 564 3053 Confidans
585 3001 617 3065 (l.
638 2998 821 3065 consolidans)
842 2998 920 3051 donis
939 3015 987 3052 nos
1007 2999 1064 3051 sine
1083 2999 1136 3051 fine
1155 2998 1218 3052 suis.

281 3090 330 3142 155
386 3089 495 3142 Summa
514 3106 611 3142 corona
630 3088 680 3142 tibi
700 3089 743 3142 sit.
764 3089 831 3142 dors
850 3105 952 3158 coequo
971 3089 1086 3157 parenti.

421 3178 519 3231 Sancto
539 3179 647 3247 spiritui
666 3178 768 3231 deitate
787 3178 880 3246 patris.
901 3179 996 3231 Arnen.

279 3269 428 3352 Sequitur
456 3270 646 3352 subscriptio
678 3271 774 3333 baec:
810 3268 901 3331 Ferit
932 3268 1064 3331 Carmen
1093 3267 1256 3332 Luctuucic'
1279 3269 1419 3348 firmiani

277 3374 398 3438 Nobilis
420 3375 580 3439 dictatoris
603 3377 636 3460 (i.
658 3396 684 3440 e.
706 3375 864 3452 ‘Dicbtcr',
890 3376 928 3438 cf.
948 3373 1194 3460 Ducaugium's.
1215 3396 1246 3440 u.
1270 3375 1418 3460 Dictarc).

276 3481 453 3546 Heroicum.
480 3483 738 3562 peulrbometram.
767 3481 947 3563 Elcpiucum
975 3483 1013 3546 de
1037 3482 1171 3563 glorioso
1198 3485 1419 3562 resurrectione

277 3589 394 3651 doruiui
417 3588 522 3653 [laesa
547 3625 591 3633 —
613 3587 765 3652 Tenuitas
791 3587 914 3652 dicendi
938 3590 1032 3668 atque
1056 3587 1191 3651 foeditas
1215 3606 1417 3653 numerorum

276 3696 435 3759 hominem
464 3694 590 3758 infimae
619 3695 743 3773 aetatis,
773 3695 892 3758 saeculi
920 3694 978 3758 XV
1006 3696 1043 3757 ut
1072 3694 1190 3775 opinor,
1220 3695 1278 3758 hos
1307 3714 1418 3759 uersus

277 3802 447 3866 exsudasse
462 3802 644 3866 ostendunt.
661 3821 754 3883 quem
771 3801 897 3865 dubites
913 3803 1021 3864 utrum
1034 3800 1263 3866 inbecilliorem
1279 3802 1418 3883 appelles

277 3928 314 3972 an
336 3908 608 3990 inpudentiorem:
633 3908 749 3990 quippe
770 3909 903 3988 quinon
923 3908 1084 3971 erubuerit
1105 3908 1167 3972 ista
1190 3908 1295 3972 taedia
1314 3909 1420 3972 obtru-

277 4013 352 4080 dens
371 4015 546 4080 Lactantio.
570 4015 657 4078 Haco
682 4017 819 4077 extrema
842 4015 907 4078 sata
924 4014 1081 4078 Lactantii
1104 4014 1249 4077 fuerunt!
1275 4014 1418 4080 —Cum

276 4120 438 4185 codicibus
461 4120 619 4202 prioribus
643 4119 708 4182 illis
733 4138 770 4183 ea
793 4119 890 4184 editio
914 4121 1072 4185 Lactantii
1095 4120 1126 4184 in
1156 4139 1252 4202 quam
1279 4121 1418 4203 primum

276 4230 326 4291 est
357 4245 481 4290 carmen
512 4229 686 4308 receptum,
719 4226 861 4290 Romana
889 4245 916 4289 a.
943 4227 1027 4290 1468
1061 4226 1208 4310 congruit
1238 4228 1417 4310 pariterque

275 4333 443 4416 proximae,
463 4332 654 4397 Thomasius
680 4333 806 4396 demum
825 4333 856 4396 in
877 4333 1015 4398 editione
1039 4352 1098 4398 sua
1120 4331 1235 4418 (1570)
1259 4333 1418 4418 integrum
