3114 5004
603 415 900 482 Prolegomena.
1205 413 1323 479 LXVII

172 611 206 672 et
230 609 373 674 inmensa
396 609 486 692 copia
510 610 725 692 exemplorum
749 607 1012 690 exscriptoribus
1037 612 1069 672 et
1097 608 1323 674 ecclesiasticis

172 717 207 778 et
238 715 378 796 profanis
410 715 583 797 petitorum
615 718 682 778 tam
710 714 872 778 subtiliter
900 699 1088 788 enucleauit,
1117 715 1235 779 1111111
1262 716 1334 779 hoc.

171 820 244 902 ipso
270 821 457 904 saepissime
481 824 537 885 aut
559 821 677 885 tradita
699 821 794 886 lectio
820 821 1057 886 confirmaretur
1075 823 1131 886 1111
1149 841 1228 903 quae
1248 840 1324 886 uera

172 930 262 991 esset
287 928 370 993 iuter
401 929 507 1012 plures
537 931 710 1011 appareret.
743 929 831 994 Haec
859 948 931 1011 pers
961 929 1178 994 commentarii
1201 930 1322 992 Buene-

170 1034 280 1097 manni
305 1034 400 1098 etiam
424 1053 507 1099 nunc
530 1053 585 1117 pro
608 1034 698 1117 largo
723 1034 809 1099 fonte
833 1034 978 1099 habenda
1002 1036 1052 1099 est
1078 1038 1115 1099 ex
1139 1054 1200 1116 quo
1220 1035 1323 1098 multa

171 1158 252 1222 quae
273 1143 420 1222 spectant
439 1141 478 1204 ad
492 1141 674 1205 interiorem
689 1140 847 1223 quandam
863 1141 1016 1206 sermonis
1030 1140 1123 1204 latini
1137 1141 1322 1223 praesertim

170 1248 236 1311 iam
268 1247 405 1312 labentis
439 1247 604 1312 scientiam
632 1247 818 1312 hauriantur
845 1247 1085 1330 rectissimeque
1116 1247 1256 1332 Georges
1289 1247 1322 1310 in

169 1354 315 1436 proxima
336 1355 429 1419 lexici
449 1355 587 1421 editione
605 1356 739 1420 lectores
760 1375 853 1439 saepe
878 1355 1005 1440 delegat
1027 1355 1067 1419 ad
1090 1358 1181 1420 notas
1200 1355 1322 1418 Buene-
1407 1344 1409 1349 ’

171 1462 290 1526 manni.
323 1462 489 1526 Postremo
522 1461 604 1526 illud
637 1459 879 1545 diligentissime
915 1460 963 1524 uir
991 1460 1138 1545 egregius
1170 1459 1321 1536 instituit,

170 1570 210 1630 ut
233 1569 330 1632 etiam
355 1567 467 1632 adres
492 1571 525 1633 et
548 1568 721 1632 sententias
746 1566 909 1650 scriptoris
929 1567 1127 1649 explicandas
1146 1568 1321 1649 permultos

171 1675 346 1757 scriptores
378 1678 561 1758 peragraret
592 1678 703 1756 totque
735 1675 824 1739 locos
853 1676 906 1739 uel
935 1675 1055 1739 similes
1080 1677 1133 1738 uel
1156 1677 1323 1738 auctorum

170 1781 226 1844 uel
250 1780 458 1863 expilatorum
488 1782 557 1846 eius
587 1785 782 1866 congereret,
810 1786 848 1845 ut
877 1782 931 1864 qui
958 1782 1039 1846 hanc
1062 1781 1095 1846 in
1119 1784 1241 1864 partem
1264 1781 1321 1843 La-

172 1886 330 1951 stantium
347 1905 538 1970 cognoscere
548 1887 638 1964 111111,
654 1887 683 1950 ei
696 1888 774 1952 haec
791 1887 996 1970 potissimum
1012 1887 1108 1952 editio
1129 1887 1322 1952 consulenda

171 1993 226 2058 sit.
253 1992 333 2058 Sues
358 1994 593 2059 emendationes
616 1996 872 2072 Buenemannus‚
898 2013 971 2058 cum
999 1995 1158 2058 uberrima
1184 1995 1320 2058 lectione

171 2099 354 2164 admonitus
378 2101 529 2164 retineret
552 2120 632 2183 quae
657 2101 777 2183 aliquid
799 2101 869 2166 ueri
891 2101 1006 2165 habere
1030 2101 1224 2178 uiderentur,
1253 2120 1320 2183 per-

170 2225 300 2288 paucas,
326 2207 382 2271 sed
404 2207 650 2289 prudentissime
674 2227 844 2290 perpensas
867 2208 1035 2291 proposuit
1061 2205 1114 2292 (cf.
1144 2207 1183 2270 ad
1205 2207 1221 2269 1
1245 2209 1319 2284 528,

173 2314 226 2376 10.
252 2314 328 2390 562,
354 2316 405 2378 13.
428 2315 501 2388 563,
524 2311 805 2400 1411111111),
826 2315 960 2378 aliorum
980 2333 1104 2395 quoque
1124 2314 1320 2378 coniecturas

169 2438 239 2483 raro
276 2419 414 2498 admisit,
438 2421 551 2502 parum
575 2420 671 2485 etiam
694 2421 885 2498 Heumanni‚
910 2422 942 2484 in
967 2439 1027 2503 quo
1054 2421 1180 2485 omnino
1209 2420 1321 2484 ualidi-

169 2545 259 2590 orem
290 2545 384 2608 quam
412 2527 444 2590 in
473 2527 529 2591 illo
559 2547 673 2592 uenam
702 2529 842 2592 criticam
872 2528 972 2592 luisse
1001 2527 1236 2593 concedendum
1261 2531 1319 2592 est.

169 2633 278 2696 Etiam
305 2634 395 2698 locos
424 2654 554 2717 graecos
583 2635 688 2700 minus
718 2636 851 2700 curauit.
882 2673 925 2682 -
953 2635 1171 2700 Buenemanni
1198 2637 1320 2699 textum

169 2740 367 2820 repetierunt
396 2740 491 2804 editio
520 2741 638 2804 Halae
668 2740 746 2808 San.
776 2761 803 2806 a.
830 2743 930 2805 1764
958 2742 1075 2805 emissa
1103 2744 1144 2819 11,
1170 2741 1319 2804 adhibitis

169 2847 277 2909 tomen
311 2846 382 2910 aliis
419 2866 553 2929 quoque,
587 2846 791 2930 Bipontina
820 2867 847 2914 a.
878 2849 988 2923 1786,
1018 2850 1151 2929 utraque
1185 2847 1319 2911 duorum

169 2951 384 3017 uoluminum.

215 3044 317 3120 XIII.
343 3061 433 3124 Hanc
458 3061 633 3126 editionum
649 3062 805 3126 Lactantii
829 3062 995 3126 historiam
1020 3062 1074 3143 qui
1098 3063 1228 3126 secutus
1249 3061 1317 3139 erit,

169 3165 338 3230 mirabitur
356 3168 491 3232 fortasse
512 3187 567 3231 cur
581 3167 727 3242 Maurini,
747 3167 944 3252 inpigerrimi
961 3168 1011 3232 illi
1029 3171 1175 3232 ueterum
1192 3170 1319 3250 patrum

172 3273 462 3338 ecclesiasticorum
490 3273 624 3356 petroni,
654 3273 759 3356 ipsum
788 3275 989 3338 Lactantium
1019 3274 1190 3340 omiserint.
1219 3274 1262 3338 At
1292 3276 1320 3339 ei

171 3379 258 3459 operi
281 3397 412 3442 manum
436 3380 620 3444 admouerat
638 3380 684 3443 11.
704 3380 868 3458 1111111111,
889 3381 1041 3460 uidebor,
1063 3400 1118 3445 cur
1132 3384 1237 3444 tamen
1257 3401 1318 3445 nron

170 3484 355 3563 obsoluerit,
379 3486 486 3549 nescio
511 3506 588 3549 num
612 3488 736 3550 constet
754 3486 775 3550 1.
802 3485 863 3550 Sed
887 3489 1060 3569 utcumque
1085 3507 1188 3551 resse
1212 3487 1317 3562 111111,

280 3709 416 3779 ¹Inspexi
441 3710 469 3762 in
494 3710 662 3765 bibliotheca
686 3712 810 3765 Parisina
833 3711 974 3765 Nationali
1007 3713 1124 3767 codicem
1148 3713 1196 3766 lat.
1231 3713 1317 3766 12129

171 3800 434 3868 Sangermanensem
462 3800 570 3868 (titulus
598 3803 640 3853 est
661 3801 748 3854 Notes
776 3802 909 3871 diverses),
939 3803 1014 3856 cuius
1042 3803 1144 3872 primus
1173 3802 1316 3855 fasciculus

169 3889 317 3956 inscriptus
342 3889 488 3942 ‘Lactantii
511 3889 642 3943 Firmiani
667 3889 820 3943 diuinarum
844 3890 1049 3944 institutionum
1073 3891 1163 3945 uariae
1186 3891 1316 3962 lectiones

171 3993 201 4030 ex
219 3977 419 4045 antiquissimis
438 3977 619 4032 bibliothecae
638 3979 728 4047 regiae
747 3996 810 4032 mss.
831 3979 907 4033 codd.
923 3983 1072 4048 excerptce'
1086 3980 1203 4033 sedecim
1222 3980 1250 4033 in
1269 3997 1316 4048 pc-

170 4066 240 4134 ginis
255 4066 386 4120 lectiones
397 4065 538 4120 duodecim
549 4067 671 4120 codicum
687 4068 808 4121 continet
821 4068 855 4121 ad
870 4069 993 4138 exiguam
1008 4067 1197 4121 tantummodo
1211 4071 1315 4137 partem

169 4155 379 4210 Institutionum
403 4156 571 4224 pertinentes
593 4161 675 4210 manu
698 4156 853 4210 Mabillonis
879 4161 909 4210 ut
932 4157 999 4211 mihi
1022 4156 1166 4210 uidebatur
1193 4157 1315 4225 scriptas,

170 4244 244 4297 cuius
270 4243 403 4314 epistulae
428 4243 560 4313 quaedam
584 4249 741 4314 sequuntur.
771 4247 813 4298 De
843 4263 873 4298 eo
902 4250 993 4300 tamen
1017 4247 1172 4300 Mobillonis
1202 4246 1314 4299 consilio

170 4332 237 4384 nihil
255 4333 350 4386 inueni
370 4332 472 4386 dictum
496 4333 524 4386 in
546 4333 615 4386 libro
636 4335 756 4402 eleganti
776 4351 854 4404 quem
874 4335 982 4404 scripsit
1000 4335 1122 4388 Emman.
1143 4335 1175 4388 de
1195 4335 1314 4404 Broglie,

1220 4440 1261 4494 ,ge
