3114 5004
269 427 399 490 LXXIV
680 424 972 494 Prolegomene.

268 623 418 698 pudiatam
442 623 472 680 in
496 621 664 696 coniugium
689 620 745 681 sibi
764 621 927 680 uindicauit
955 639 989 680 ac
1009 621 1143 680 Liberam
1162 622 1233 680 fecit
1252 624 1280 681 et
1299 640 1364 680 cum
1384 639 1418 679 ea

217 722 260 776 10'
268 713 377 786 pariter
403 711 535 770 ascendit
561 711 592 768 in
617 711 739 769 caelum.
780 711 868 785 quid?
892 712 994 769 horum
1019 710 1146 770 omniurn
1169 714 1253 785 pater
1274 711 1415 785 Iuppiter,

271 802 319 876 qui
342 801 373 859 in
396 799 531 859 sollemni
553 799 721 873 precatione
745 801 879 874 Optimus
906 801 1047 858 Maximus
1075 800 1251 870 nominetur,
1280 817 1417 858 nonnea

268 890 362 964 prima
385 907 438 948 sua
460 889 586 962 pueritie
607 889 706 964 inpius
731 906 764 948 ac
793 907 885 963 paene
913 889 1059 964 parricida
1088 885 1324 962 deprehenditur,
1354 905 1416 947 cunr

266 982 381 1052 patrem
405 995 494 1052 regno
520 979 630 1052 expulit
653 995 686 1037 ac
714 978 829 1052 fugauit
855 995 908 1037 nec
936 979 1099 1053 expectauit
1126 980 1248 1037 mortem
1277 977 1414 1052 decrepiti
1446 988 1458 1027 ⁵
1538 1051 1539 1060 ἵ

271 1068 349 1127 senis
374 1068 532 1142 cupiditate
555 1068 717 1142 regnandi?
746 1071 774 1125 et
803 1085 867 1126 cum
894 1071 1046 1142 paternum
1070 1068 1175 1127 solium
1198 1086 1251 1142 per
1273 1068 1342 1138 uim,
1365 1084 1416 1140 per

271 1175 350 1215 arma
374 1157 508 1231 cepisset,
532 1158 609 1216 bello
631 1160 676 1216 est
694 1175 711 1215 a
730 1157 881 1216 Titanibus
900 1157 1064 1228 lacessitus,
1081 1159 1158 1231 quod
1176 1157 1303 1215 humano
1318 1155 1415 1231 generi

269 1246 446 1321 principium
468 1246 525 1305 fuit
547 1246 701 1305 malorum:
727 1246 831 1319 quibus
855 1246 942 1305 uictis
966 1249 995 1304 et
1012 1263 1084 1319 pace
1102 1247 1134 1305 in
1151 1249 1323 1321 perpetuum
1348 1262 1415 1304 con·

270 1339 373 1410 parata
400 1336 541 1410 reliquam
570 1353 650 1394 suam
679 1335 768 1394 uitam
795 1336 826 1393 iu
854 1336 963 1408 stupris
991 1334 1200 1410 adulteriisque
1227 1333 1414 1408 consumpsit.

160 1491 163 1498 ,
218 1435 248 1487 11
272 1425 372 1484 omitto
402 1425 531 1499 uirgines
560 1442 632 1498 quas
660 1424 817 1483 imminuit:
846 1425 877 1483 id
906 1425 982 1483 enim
1005 1425 1156 1484 tolerabile
1179 1424 1302 1483 iudicari
1330 1422 1410 1482 solet.
1430 1435 1455 1473 10

272 1514 512 1588 Amphitryonem
536 1532 569 1572 ao
588 1515 755 1588 Tyndarum
773 1513 929 1588 praeterire
949 1530 1008 1572 non
1027 1530 1156 1589 possum,
1178 1530 1298 1587 quorum
1317 1511 1414 1570 domos

220 1611 252 1663 12
272 1604 411 1661 dedecore
440 1605 527 1677 atquo
554 1602 676 1660 infamia
702 1602 887 1676 plenissimas
911 1602 1046 1661 reddidit.
1102 1603 1176 1661 illud
1198 1619 1267 1661 uero
1291 1617 1414 1659 summae

271 1692 420 1765 inpietatis
453 1709 487 1750 ec
520 1692 647 1765 sceleris,
682 1693 759 1765 quod
791 1691 903 1766 regium
935 1709 1056 1765 puemm
1088 1692 1184 1766 rapuit
1211 1692 1248 1748 ad
1276 1692 1412 1763 stuprum.

272 1799 372 1853 parurn
389 1780 464 1839 enim
483 1781 646 1851 uidebatur,
667 1780 691 1839 si
710 1781 740 1838 in
760 1781 953 1854 expugnanda
970 1780 1143 1839 feminarum
1161 1779 1302 1855 pudicitia
1320 1794 1413 1836 macu-

272 1870 350 1928 losns
380 1873 458 1929 esset
484 1887 518 1928 ac
545 1870 649 1943 turpis,
678 1869 736 1928 nisi
764 1870 850 1927 etiam
880 1869 959 1927 sexui
984 1887 1035 1928 suo
1059 1870 1169 1928 faceret
1190 1869 1338 1926 iniuriam:
1362 1867 1413 1924 hoc
1431 1879 1456 1918 15

273 1963 317 2017 est
339 1977 439 2016 uerum
463 1958 646 2029 adulterium,
672 1959 749 2032 quod
772 1958 805 2015 fit
829 1961 931 2016 contra
953 1961 1095 2018 naturam.

362 2164 374 2215 l
397 2163 437 2230 ae]
457 2164 485 2214 et
504 2160 572 2214 HM
623 2161 639 2212 2
660 2160 747 2214 caelos
768 2160 791 2214 S

310 2285 322 2336 1
340 2284 381 2352 ac]
393 2283 522 2337 Eduard.
538 2287 565 2350 (e
578 2283 774 2351 Bononiensi),
791 2288 819 2336 et
836 2290 893 2337 cett.
910 2287 957 2350 (es.
973 2300 1060 2352 snpra
1071 2283 1150 2349 HM)
1188 2285 1204 2335 2
1225 2283 1263 2335 ad
1274 2284 1302 2336 in
1317 2284 1415 2336 caelum

272 2357 303 2408 in
330 2371 416 2423 marp.
445 2355 492 2410 ali.
524 2355 552 2407 in
586 2355 673 2408 caelos
708 2355 803 2424 Qnent.
839 2357 886 2422 (ef.
919 2372 1006 2423 snpra
1039 2355 1067 2418 S,
1096 2355 1167 2407 idern
1195 2355 1252 2408 eod.
1284 2354 1415 2420 Gotban.)

253 2427 365 2479 rhorum
396 2427 526 2495 omnium]
558 2426 652 2480 Tbonr.
672 2426 711 2479 Is.
735 2427 816 2495 prs.
836 2431 861 2480 et
882 2429 1054 2496 posteriores,
1080 2427 1198 2478 omnium
1216 2426 1310 2478 horum
1330 2441 1417 2479 omnes

274 2503 338 2560 ante
364 2497 548 2558 Tleornasr'nm,
569 2503 668 2566 postea
696 2498 780 2551 Torn.
799 2503 871 2565 post.
947 2500 962 2550 5
986 2497 1047 2566 nec]
1071 2501 1150 2549 1471.
1170 2501 1254 2549 1472.
1274 2501 1359 2550 1478.
1377 2513 1415 2564 pr.

268 2574 341 2636 post.
366 2572 450 2620 1494.
478 2571 564 2621 1509.
589 2569 689 2636 Delpb.
713 2570 789 2623 Innt.
815 2570 916 2638 Epnat.
939 2569 1013 2632 Crat.
1033 2572 1110 2622 1525
1130 2575 1154 2622 et
1174 2570 1347 2636 posteriores,
1366 2585 1417 2621 non

273 2642 358 2692 1465.
390 2642 474 2692 1468.
507 2643 593 2693 1470.
626 2644 710 2695 1474.
743 2645 828 2695 1476.
858 2643 944 2695 1490.
976 2643 1060 2694 1493.
1092 2643 1177 2693 1497.
1204 2642 1290 2692 1502.
1318 2639 1417 2692 Parrb.

275 2713 290 2764 7
313 2712 468 2778 lacessitus]
492 2715 578 2764 1472.
602 2715 679 2764 1478
696 2728 742 2780 pr.
762 2719 834 2780 post.
860 2712 920 2777 (sect
942 2713 1009 2765 baec
1031 2712 1197 2777 lacessitus).
1222 2714 1306 2763 1494.
1335 2713 1417 2763 1502.

273 2783 376 2836 Parrb.
396 2785 482 2836 1509.
498 2783 597 2850 Detpb.
618 2789 643 2836 et
657 2785 828 2850 posteriores,
842 2789 998 2850 persecutus
1012 2785 1222 2852 (net-quntus)
1240 2784 1316 2835 1465
1335 2784 1416 2834 1468.

275 2857 360 2907 1470.
380 2857 459 2906 1471.
480 2857 565 2907 1474.
586 2858 669 2907 1470.
689 2857 874 2907 14901493.
890 2858 974 2907 1497.
1012 2857 1169 2924 Scoperata
1181 2857 1258 2906 1465
1304 2853 1417 2920 seuam]

288 2924 325 2977 ub
348 2928 432 2977 1493.
456 2929 534 2978 1497
616 2927 650 2978 10
674 2925 815 2978 tolerabile
839 2924 953 2978 iudicari
981 2925 1060 2994 solet]
1085 2921 1175 2979 Fastt.
1200 2933 1224 2978 et
1246 2925 1417 2992 posteriores,

275 2995 388 3049 iudicari
407 2996 478 3048 solet
491 2995 664 3049 intolerabile
679 2999 763 3048 1465.
780 2999 957 3049 1468.1471.
972 2999 1056 3056 1476,
1072 2996 1185 3049 iudicari
1198 2995 1269 3049 solet
1279 2995 1417 3048 tolerabile

276 3073 334 3120 cett.
355 3073 420 3121 ante
433 3067 599 3121 Fasitelinm
620 3067 774 3132 (tolerabile
788 3068 884 3135 primo
897 3071 987 3133 1470)
1045 3067 1077 3121 12
1096 3067 1176 3134 illud]
1191 3071 1274 3121 1472,
1289 3069 1416 3133 147811.
1439 3123 1441 3130 ,

270 3145 345 3206 post.
369 3142 453 3192 1493.
478 3145 503 3192 et
521 3140 693 3208 posteriores,
717 3138 792 3190 illam
817 3141 901 3192 1465.
927 3140 1417 3193 14691470.147114741476.

275 3212 354 3262 1490
417 3211 721 3278 14111111147811.
791 3209 977 3279 expugnanda]
997 3214 1075 3279 1471.
1094 3213 1178 3262 1472.
1198 3211 1275 3261 1478
1288 3224 1333 3275 pr.
1348 3213 1416 3274 post.

276 3287 301 3334 et
318 3282 491 3349 posteriores,
515 3281 691 3352 impugnanda
714 3281 773 3346 (nel
800 3282 883 3349 imp)
909 3283 993 3334 1465.
1016 3285 1101 3334 1468.
1125 3284 1210 3333 1470.
1233 3283 1317 3332 1474.
1347 3281 1418 3331 1476

278 3353 310 3406 15
331 3356 401 3406 esset
420 3369 450 3406 ac
468 3354 568 3423 turpis]
587 3353 679 3407 Fasit.
699 3359 723 3406 et
736 3353 910 3421 posteriores,
925 3369 955 3404 ac
969 3355 1056 3422 turpis
1071 3354 1143 3405 esset
1157 3368 1248 3404 omnes
1261 3357 1325 3404 ante
1338 3350 1367 3402 F
1367 3351 1417 3402 osi-

277 3423 371 3477 telinrn
443 3425 535 3494 etiarn]
556 3426 626 3477 enim
645 3428 730 3477 1472.
751 3423 850 3492 Gprnn.
914 3423 1016 3476 faceret
1034 3424 1170 3491 iniuriam]
1197 3422 1269 3488 Fri,
1295 3422 1417 3474 iniuriam

276 3494 378 3547 faceret
391 3497 499 3562 priores
571 3497 623 3549 boc
642 3499 844 3549 est-naturam
861 3495 994 3563 plosserna
1012 3495 1069 3547 niel.
1088 3494 1257 3548 Henmnnno
1308 3494 1341 3546 16
1360 3507 1417 3544 uere

281 3566 375 3634 Queret.

313 3883 392 3936 inst.
417 3883 445 3935 ll
470 3884 500 3936 11
529 3887 606 3952 (cap.
632 3882 664 3936 12
689 3881 838 3936 editores
869 3886 945 3936 ante
970 3880 1190 3942 Thomasiuru,
1214 3882 1290 3948 post
1318 3895 1384 3931 eurn

686 3973 804 4040 peuri),
822 3972 901 4024 4-6.
921 3971 1017 4026 8-11.

243 4171 260 4223 4
324 4153 346 4211 0
377 4172 461 4227 quern
491 4155 575 4212 facile
605 4156 647 4211 est
675 4153 847 4226 redarguere
876 4151 1039 4210 mendacia!
1073 4150 1206 4224 primum,
1241 4149 1319 4223 quod
1350 4146 1417 4206 nihil

317 4343 329 4394 l
352 4339 461 4394 difficile
480 4343 558 4393 1490
641 4339 802 4408 redarguere
821 4338 972 4406 mendacia]
993 4337 1088 4407 Quent.
1112 4338 1195 4390 Turn.
1210 4342 1284 4404 post.
1307 4333 1415 4396 Wcleb,
