3110 5004
618 389 810 441 Firmiani
839 389 1031 442 Lactairti

812 584 854 647 ll.

302 705 478 788 Rnfinna
503 705 670 774 Concedent.
690 710 725 771 in
743 712 842 771 199119
859 708 990 783 Terent,
1015 707 1084 775 GL.
1107 708 1246 783 171594,
1268 712 1406 782 7-565,

257 818 279 877 2
302 813 345 880 K.
357 835 367 876 .·
400 815 615 878 Firmianus
640 816 684 879 ad
706 816 868 880 Probum
898 817 936 880 de
965 817 1075 880 metris
1100 817 1336 881 comoediarum
1362 816 1406 879 sic

259 922 355 986 dicit:
380 941 461 984 nam
485 922 583 1003 quod
608 921 650 986 de
674 924 808 988 metris
833 923 1112 987 comoediarum
1137 923 1351 1004 requisisti,
1372 924 1407 986 et

259 1048 325 1113 ego
351 1030 429 1094 scio
453 1029 645 1111 plurimos
667 1029 885 1094 existimare
905 1031 1152 1094 Terentianus
1172 1030 1234 1093 uel
1252 1029 1406 1092 maxime
1436 1021 1445 1058 ⁵

258 1136 409 1200 fabulas
442 1139 601 1200 metrum
635 1157 706 1200 non
734 1138 872 1200 habore
907 1137 1123 1201 comoediae
1158 1136 1338 1213 Graecae,
1371 1136 1407 1198 id

259 1244 317 1306 est
339 1243 536 1307 Menandri
560 1244 805 1308 Philemonos
830 1243 981 1326 Diphili
1006 1246 1042 1308 et
1066 1246 1290 1318 ceterorum,
1316 1260 1406 1324 quae

257 1349 449 1414 trimetris
478 1349 655 1414 uersibus
689 1352 851 1416 constat.
890 1349 1014 1415 nostri
1047 1351 1144 1413 enim
1176 1349 1322 1413 ueteris
1356 1367 1407 1412 co-

257 1456 429 1520 moediae
455 1440 663 1539 scriptores
696 1457 732 1519 in
761 1457 1002 1522 modulandis
1031 1457 1173 1522 fabulis
1203 1455 1313 1537 sequi
1341 1474 1407 1516 ma-

257 1565 427 1640 luerunt,
460 1564 624 1646 Eupolin
664 1563 857 1627 Cratinum
891 1563 1195 1646 Aristophanem.
1228 1563 1407 1644 prologos
1426 1555 1450 1592 ¹⁰

257 1670 378 1754 igitur
415 1673 452 1734 et
493 1671 697 1753 primarum
740 1689 961 1736 scaenarum
1003 1671 1176 1735 actiones
1219 1668 1408 1732 trimetris

259 1779 628 1859 conprehenderunt,
670 1779 803 1842 deinde
835 1779 1088 1862 longissimos
1130 1777 1168 1841 id
1206 1778 1265 1840 est
1297 1777 1409 1839 tetra-

257 1887 397 1948 metros
427 1885 690 1962 subdiderunt,
712 1886 776 1967 qui
800 1886 1043 1967 appellantur
1063 1884 1246 1966 quadrati.
1271 1883 1309 1945 in
1329 1900 1408 1945 con·

258 1993 508 2072 sequentibus
535 1992 717 2073 deinceps
741 1992 1006 2056 uarianerunt:
1031 1990 1139 2055 modo
1165 1990 1261 2054 euim
1285 1989 1408 2053 trime-

257 2098 345 2172 tros,
370 2098 478 2162 modo
509 2098 637 2162 addito
668 2099 879 2180 quadrante
910 2100 973 2162 uel
1001 2097 1159 2162 semisse
1188 2091 1447 2179 posuerunt,15

256 2203 295 2265 id
321 2206 378 2268 est
402 2205 465 2267 uel
495 2205 687 2286 semipede
718 2205 868 2268 adiecto
897 2205 960 2268 uel
988 2205 1138 2288 integro
1166 2204 1258 2286 pede
1287 2202 1408 2266 iambo

257 2309 321 2372 uel
345 2311 586 2393 sesquipede.
620 2311 712 2375 haec
736 2331 802 2393 per
824 2311 970 2375 medios
995 2313 1101 2375 actus
1125 2311 1247 2388 uarie,
1276 2328 1408 2373 rursus

257 2415 293 2477 iu
319 2417 422 2480 eritu
445 2417 665 2481 fabularum
697 2418 916 2499 quadratos,
946 2419 1078 2499 quales
1108 2416 1270 2480 diximus
1295 2416 1332 2479 in
1358 2435 1408 2478 se-

259 2524 380 2587 cunda
405 2543 551 2588 scaena.
594 2524 783 2588 sedidem
813 2523 987 2606 quadrati
1030 2543 1111 2588 cum
1145 2523 1310 2587 sedecim
1340 2523 1408 2605 syl-

258 2631 355 2694 labis
377 2633 551 2695 constare
577 2631 748 2708 debeaut,
765 2632 889 2695 temen
907 2633 1129 2713 plerumque
1148 2631 1249 2694 fiunt
1266 2629 1407 2713 uiginti
1425 2646 1446 2682 20

258 2740 322 2800 aut
346 2739 511 2820 amplius
542 2739 785 2822 syllabarum.
824 2739 911 2802 hinc
934 2741 1119 2820 putantur
1141 2740 1257 2801 metro
1283 2754 1406 2801 carere

257 2864 325 2908 nec
360 2845 444 2928 lege
477 2846 559 2909 ulla
592 2845 791 2909 contineri.
824 2883 869 2890 -
904 2845 1087 2908 Mensuram
1125 2863 1194 2908 esse
1226 2844 1259 2906 in
1290 2842 1406 2906 fabulis

257 2951 396 3014 Terentii
430 2954 462 3014 et
492 2951 601 3014 Plauti
635 2954 667 3015 et
699 2954 876 3015 ceterorum
916 2952 1109 3016 comicorum
1148 2952 1180 3014 et
1215 2949 1406 3032 tragicomm

259 3057 370 3120 dicunt
394 3056 502 3122 Cicero
530 3057 668 3122 Scaurus
692 3058 904 3121 Firmianus
928 3078 988 3137 cqc.

293 3247 326 3300 de
343 3247 393 3300 hoc
406 3247 554 3300 Lactantir'
573 3248 640 3310 loeo,
660 3264 712 3316 qno
726 3249 809 3301 etiam
821 3248 934 3300 Marius
952 3247 1120 3314 Victorinus,
1134 3246 1324 3315 1119999119.
1339 3245 1378 3296 II
1389 3248 1406 3297 3

258 3338 306 3402 (cf.
333 3337 380 3390 Gr.
404 3338 470 3390 Lat.
499 3331 546 3389 VI
564 3339 674 3403 78,19.
698 3339 764 3399 556,
782 3340 822 3390 22
840 3337 894 3403 K.;
911 3337 1024 3391 Keiline
1037 3354 1067 3404 p.
1087 3337 1205 3404 XXVI)
1226 3352 1294 3389 nens
1314 3340 1353 3387 991
1371 3334 1403 3400 cf.

260 3425 396 3492 Oscenos,
415 3426 503 3478 Beite.
522 3441 544 3478 9.
563 3425 661 3494 911991.
682 3443 708 3478 n.
727 3432 793 3479 edm.
812 3426 1221 3495 111191911199991.ΙΙ(1839)
1236 3441 1267 3492 p.
1288 3427 1349 3477 366
1368 3439 1405 3488 9,·

256 3514 388 3578 Hensins,
403 3515 466 3566 Act.
481 3515 571 3568 societ.
583 3514 653 3581 phil.
669 3513 747 3580 Lips.
760 3514 810 3567 IV
823 3517 925 3581 (1875)
940 3532 970 3582 p.
990 3518 1047 3567 139
1066 3515 1132 3568 adn.
1152 3516 1195 3580 **;
1214 3515 1279 3575 Leo,
1293 3512 1404 3566 Hermes

256 3601 366 3655 XXIV
393 3605 495 3670 (1889)
520 3619 551 3670 p.
581 3605 642 3656 293
672 3603 738 3656 adn.
766 3608 794 3669 1,·
822 3603 886 3656 dedi
913 3621 945 3658 en
971 3604 1125 3657 recensione
1147 3603 1245 3670 Keilii,
1269 3602 1348 3654 enine
1370 3601 1402 3667 cf.

258 3707 355 3758 appar.
376 3692 436 3745 crit.

415 3938 476 4000 EX
504 3937 754 4002 EPISTVLIS
782 3939 844 4002 ΑΙ)
873 3939 1241 4003 DEMETRIANVM.
1419 3977 1440 4016 n

798 4064 855 4127 ill.

300 4183 563 4266 Hierenqrnns,
598 4184 762 4250 Oomnecni.
795 4188 830 4249 c'n
862 4189 949 4268 epist.
979 4189 1022 4250 ed
1054 4185 1157 4253 Galat.
1187 4188 1206 4252 1.
1236 4186 1281 4249 ΙΙ
1303 4210 1327 4253 c.
1350 4185 1405 4249 IV

257 4288 351 4371 (VII
368 4290 523 4373 1591))-
557 4341 615 4356 ...
640 4293 734 4356 multi
762 4314 817 4376 per
843 4295 1022 4377 inperitiam
1047 4293 1290 4376 scripturarum,
1319 4293 1399 4376 qnod
