3114 5004
616 421 909 489 Prolcgomena.
1211 421 1340 485 LXXIX

185 622 299 681 insidet
332 624 360 679 et
392 620 569 679 offensacula
600 618 724 692 pedibus
757 619 882 676 latenter
910 618 1042 692 opponit.
1071 618 1169 692 itaque
1198 636 1245 677 res
1261 623 1340 677 tuas

185 728 346 786 prosperas
369 710 400 768 in
424 709 530 783 quibus
554 725 632 766 nnnc
655 708 719 783 agis
743 708 851 766 suadeo
876 710 908 765 ut
930 725 982 781 pro
1002 710 1053 765 tna
1071 707 1177 766 uirtute
1197 712 1247 766 aut
1271 726 1340 768 con-

186 804 313 871 temnes,
339 799 364 858 si
386 801 480 874 petes,
511 802 561 858 aut
587 814 648 857 non
671 814 776 871 magno
801 813 887 871 apere
910 796 1034 856 mireris,
1056 829 1094 838 -
1113 798 1191 870 qued
1215 797 1341 857 efficium
1361 805 1394 858 12

185 891 245 948 hac
270 890 305 948 de
330 906 418 948 cansa
440 887 561 946 maxime
585 886 802 961 suscipiendum
825 888 906 960 pute,
932 887 1010 959 quod
1032 888 1147 945 Marcus
1167 886 1277 945 Tullius
1296 887 1341 945 uir

146 977 301 1053 ⁵ingenii
328 976 485 1052 singularis
513 977 544 1034 in
574 978 674 1049 quarto
702 977 746 1034 De
774 993 805 1033 re
832 975 950 1048 publica
976 975 1061 1047 libro,
1091 993 1155 1034 eum
1183 975 1214 1033 id
1245 976 1340 1034 iacere

186 1069 372 1141 temptasset,
405 1065 554 1124 materiam
588 1066 647 1123 late
681 1066 829 1138 patentem
867 1065 999 1138 angustis
1034 1064 1142 1124 finibus
1174 1065 1341 1123 terminarit

150 1157 155 1166 '
186 1157 294 1216 leuiter
318 1174 430 1214 summe
454 1173 583 1229 quaeque
609 1155 778 1229 decerpens

282 1344 295 1395 1
316 1342 412 1395 incidit
435 1341 460 1394 V
530 1342 546 1394 2
566 1340 716 1410 prosperas]
741 1341 801 1405 BV,
821 1340 941 1409 proprias
960 1340 988 1393 Ρ
1058 1340 1155 1408 dpost
1177 1342 1340 1410 temptasset

189 1414 257 1468 add.
277 1416 308 1467 ia
326 1415 378 1481 inf.
398 1430 482 1482 mars.
501 1413 571 1466 nihil
590 1429 698 1481 prorsus
719 1411 808 1464 effecit
827 1429 890 1464 narn
908 1410 948 1464 Β3

189 1520 257 1574 ada.
279 1520 361 1573 saluti
380 1519 494 1572 insidiet
518 1519 611 1584 cond).
631 1518 760 1571 Baenem.
785 1524 810 1571 et
828 1519 1003 1586 posteriores,
1028 1518 1126 1571 salutis
1151 1517 1215 1586 (sic)
1240 1517 1342 1570 insidet

187 1595 277 1645 1502.
303 1591 389 1644 saltus
414 1591 517 1643 incidet
543 1589 660 1657 draps,
685 1588 767 1642 saluti
791 1589 892 1642 insidet
910 1589 1012 1642 Perrh.
1032 1595 1058 1642 ct
1076 1594 1134 1643 cett.
1246 1591 1258 1642 1
1280 1593 1341 1642 tuas

187 1680 241 1715 om.
261 1663 352 1715 Betel.
409 1664 425 1714 2
445 1660 598 1731 prosperas]
616 1661 727 1716 Erasne.
749 1663 804 1726 (ex
816 1661 869 1714 fide
883 1661 1065 1714 uetustissimi
1084 1660 1215 1728 codicis').
1234 1660 1340 1728 Grapte.

191 1735 291 1801 Gyrrerc.
320 1733 496 1786 Cratandrea
520 1735 604 1786 1532.
632 1731 708 1785 date.
736 1733 819 1786 Tere.
849 1748 893 1800 pr.
917 1739 991 1799 post.
1016 1732 1106 1785 Betui.
1136 1733 1232 1785 Marce.
1262 1731 1340 1786 Steis.

191 1805 302 1859 Watcit.
314 1805 414 1858 Herem.
435 1805 549 1872 (probat
561 1804 593 1856 ia
606 1803 682 1861 ada..
696 1805 728 1856 e'ce
740 1809 815 1856 textu
828 1805 973 1872 proprias).
987 1803 1116 1856 Baetem.
1132 1809 1157 1856 et
1165 1804 1339 1871 posteriores,

186 1877 313 1946 proprias
333 1882 391 1930 cett.
412 1877 460 1944 (cs.
480 1893 567 1943 supra
586 1876 644 1928 cod.
664 1876 703 1941 P)
759 1876 855 1942 tipost
873 1878 1036 1944 temptasset
1060 1875 1124 1928 add.
1144 1875 1214 1928 nihil
1233 1891 1341 1944 prorsus

188 1948 282 2000 effecit
300 1948 349 2014 (cf.
368 1964 455 2014 supra
474 1947 531 2000 cod.
552 1947 592 2013 Β)
612 1950 697 2000 1472.
717 1951 802 1999 1474.
822 1949 899 1998 1478
912 1963 957 2014 pr.
973 1952 1056 2014 pest,
1070 1946 1139 2000 nihil
1153 1963 1260 2016 prorsus
1275 1945 1342 1999 iecit

186 2022 275 2072 1493.
295 2022 380 2072 1494.
400 2021 484 2072 1497.
504 2021 589 2071 1502.
609 2022 693 2070 1509.
709 2017 807 2084 Detpte
820 2018 922 2072 Perrh.
938 2017 1024 2079 Iacet,
1041 2017 1110 2070 nihil
1124 2034 1231 2086 prorsus
1252 2017 1342 2070 effecit

187 2094 218 2143 et
236 2091 339 2160 Epact.
363 2089 438 2143 Orat.
458 2092 542 2142 1525.
565 2088 672 2155 Graph.
691 2089 782 2142 Fastt.
806 2088 904 2157 Gprrrn.
922 2088 1026 2157 Grppic.
1045 2089 1142 2158 Queat.
1159 2088 1236 2142 Gatt.
1256 2089 1339 2141 Terre.

179 2179 230 2230 pr.
245 2167 319 2230 post.
340 2161 436 2214 Marce.
457 2159 536 2214 Stets.
556 2161 594 2214 Is.
620 2160 701 2230 Thya.
722 2158 833 2227 Sparte„
853 2161 939 2212 adet
957 2161 988 2213 irc
1005 2176 1090 2228 marp.
1103 2177 1166 2212 narn
1186 2160 1233 2226 (cf.
1253 2175 1340 2226 supra

186 2233 249 2287 cod.
268 2233 309 2299 Β)
337 2233 443 2298 Thera,
467 2233 540 2285 unde
564 2232 632 2284 nihil
656 2249 765 2300 prorsus
790 2231 895 2293 effecit;
918 2247 981 2284 nam
1005 2231 1136 2299 Lcaptet„
1156 2231 1292 2283 nihii-et
1310 2232 1340 2283 in

186 2309 266 2357 tecta
288 2305 399 2370 haberet,
422 2303 470 2357 sed
492 2304 524 2356 ia
549 2303 613 2356 ada.
639 2303 776 2356 damnaret
799 2303 910 2357 Erasm.
940 2303 1037 2368 (Haec
1061 2303 1144 2355 uerba
1176 2303 1289 2355 aberant
1312 2303 1339 2354 in

185 2378 299 2428 uetusto
321 2375 443 2442 codice').
466 2374 551 2434 Gali,
572 2392 622 2429 one.
644 2375 707 2427 (etz.
728 2380 752 2426 et
767 2374 932 2441 poste-riores
952 2379 1059 2440 eccepto
1080 2373 1218 2442 Lerrpletio

666 2571 873 2579 —.-——

482 2739 528 2792 De
548 2740 596 2792 ira
616 2738 667 2790 dei
687 2739 712 2802 6,
732 2738 748 2790 2
770 2742 799 2804 (a
818 2737 907 2806 Nam)
929 2767 963 2778 -
983 2739 1008 2796 7.
1027 2739 1052 2791 4.

233 2906 312 2963 Nam
345 2922 438 2978 neque
470 2904 564 2962 henos
596 2904 674 2962 ullus
703 2903 801 2963 deberi
828 2906 928 2977 potest
957 2904 1020 2974 dec,
1050 2902 1075 2960 si
1108 2902 1181 2960 nihil
1212 2903 1395 2975 praestatae

184 2993 307 3065 colenti,
333 3011 387 3051 nec
410 2993 487 3052 ullus
510 2996 612 3064 metus,
639 2993 664 3050 si
688 3010 747 3051 nen
765 2993 902 3051 irascitur
920 3009 981 3051 non
1002 2991 1118 3052 colenti.
1166 2991 1236 3049 Cum
1255 3008 1341 3064 saepe
1352 3001 1393 3067 7,1

181 3083 358 3158 philosophi
381 3100 433 3156 per
456 3081 652 3156 ignorantiam
675 3082 807 3140 ueritatis
832 3101 849 3139 a
872 3082 985 3140 ratione
1010 3081 1187 3139 destiterint
1205 3082 1291 3153 atque
1311 3079 1342 3136 in

183 3189 300 3232 errores
323 3171 480 3230 inciderint
502 3170 718 3229 inextricabiles
737 3171 829 3228 —id
854 3171 931 3229 enim
956 3171 1032 3230 solet
1052 3170 1099 3227 his
1124 3169 1239 3228 euenire
1264 3171 1342 3242 qued

144 3287 158 3326 s
181 3261 296 3321 uiatori
320 3261 397 3318 uiam
421 3259 564 3319 nescienti
588 3262 618 3319 et
639 3277 698 3318 ncn
722 3260 826 3318 fatenti
850 3278 880 3318 se
904 3260 1050 3334 ignorare,
1071 3262 1103 3316 nt
1121 3261 1253 3332 uagetur,
1274 3259 1341 3315 duni

278 3448 291 3500 1
312 3463 374 3499 nam
394 3462 445 3502 cm.
463 3446 492 3499 P

223 3570 238 3621 1
260 3567 341 3636 Nam]
363 3569 411 3635 (cf.
430 3585 518 3636 snpra
537 3569 595 3622 cod.
614 3569 654 3636 Β)
674 3570 778 3638 Epant.
801 3570 876 3623 Orac.
895 3571 981 3622 1525.
1005 3568 1110 3636 Graph.
1130 3567 1221 3620 Facit.
1245 3567 1344 3635 Gymn-

186 3640 295 3708 Grppie.
320 3639 415 3709 Queret.
439 3640 514 3693 Gclt.
535 3640 616 3694 Terre.
632 3657 676 3707 pr.
688 3647 761 3707 post.
777 3641 867 3695 Betui.
883 3641 979 3696 Maca.
996 3638 1075 3694 Stels.
1094 3638 1187 3692 Tirone
1202 3639 1240 3692 Is.
1261 3639 1343 3709 Thys-

186 3712 267 3764 Gatt.
293 3711 391 3778 Sparte
416 3711 538 3779 Leaptct.
561 3711 706 3772 Eduard..'
724 3729 774 3765 err.
801 3728 892 3764 omnes
920 3718 985 3765 cate
1010 3710 1170 3779 Epactiam,
1191 3717 1257 3778 post
1284 3727 1343 3762 ecem

189 3784 296 3837 Veneta
315 3785 394 3835 1521.
418 3781 483 3835 Oete.
508 3782 612 3836 Walch.
633 3783 732 3835 Herem.
756 3784 884 3836 Buenem.
906 3782 967 3848 (sed
992 3782 1174 3850 dubitanter).
1195 3782 1260 3850 Be'p.
1279 3781 1342 3834 Fri.

183 3858 202 3908 3
223 3854 391 3907 desciuerint
409 3859 433 3907 et
451 3853 608 3922 inciderint}
627 3857 712 3907 1470.
732 3858 817 3909 1474.
837 3856 915 3906 1490
934 3859 960 3907 et
975 3854 1148 3920 posteriores,
1169 3852 1343 3906 desciuerunt

184 3931 212 3978 et
234 3924 391 3978 inciderunt
413 3929 497 3979 1465.
522 3928 606 3978 1468.
631 3929 712 3977 1471.
734 3928 819 3977 1472.
843 3928 928 3980 1476.
953 3928 1031 3976 1478
1053 3942 1099 3992 pr.
1126 3931 1195 3992 post.
1269 3925 1285 3976 5
1311 3925 1342 3976 ut

183 3995 523 4122 accersentes
543 3999 629 4120 et·
648 3998 1196 4137 semenstres·rer}
1212 3996 1340 4134 titt}

185 4139 284 4192 Marce.
308 4138 400 4191 metat.
425 4138 504 4193 Stets.
534 4140 628 4193 Thoen.
654 4139 715 4203 (sed
737 4139 769 4192 ire
790 4142 899 4206 creare).
926 4138 966 4190 Is.
993 4137 1070 4191 Gall.
1094 4137 1192 4205 Spart.
1222 4137 1287 4190 Cell.
1317 4143 1342 4190 ct

181 4211 357 4276 posteriores,
381 4208 480 4262 Herem.
506 4217 597 4264 tamea
620 4209 668 4263 ubi
694 4213 812 4279 uagetur
830 4211 908 4274 cont,
928 4209 992 4261 dum
1015 4211 1131 4276 uagetur
1148 4210 1234 4260 1490.
1254 4211 1340 4264 1493.

186 4282 272 4332 1494.
292 4283 378 4334 1497.
397 4283 482 4333 1502.
502 4285 587 4344 1509,
608 4281 670 4335 dum
691 4285 808 4351 uagatur
821 4281 923 4334 Parth.
938 4281 1025 4345 lunt,
1040 4285 1071 4331 ut
1086 4281 1217 4346 euegetnr
1231 4279 1339 4346 Daph„

186 4354 220 4402 ut
237 4355 356 4420 uagatur
382 4351 485 4420 Epnct.
516 4352 690 4407 Cratandrea
714 4356 792 4406 1521.
813 4351 903 4407 Facit.
927 4350 1030 4419 Gryptr.
1058 4350 1151 4404 Thena.
1177 4351 1221 4415 (tn
1241 4355 1339 4418 tectu).
