3114 5004
277 429 443 499 XXXVIII
698 431 989 499 Prolegomena.

278 631 393 695 Ioanne
426 627 627 711 Rommingio
661 626 817 690 Paratine’
851 626 943 702 sacta,
972 626 1198 709 Norimhergae
1233 628 1328 704 1514,
1362 626 1414 691 fol.

278 735 302 799 F
329 736 390 799 Ill¹¹
414 753 538 799 carmen
566 733 710 798 additum
739 736 797 809 est,
826 751 937 797 uersus
967 733 1090 797 scilieet
1116 733 1336 798 tantummodo
1365 735 1415 797 39.

278 845 331 909 40.
354 842 656 906 1—35..Praeterea
679 839 869 905 nominanda
892 841 942 903 est
964 839 1060 904 editio
1080 839 1253 904 Hermanni
1271 840 1416 904 Busehii:

278 947 438 1027 Lactorate'j
451 948 592 1028 11111111
613 945 617 1032 1
638 945 784 1028 Hymnus
795 944 952 1025 paschalis
966 967 1034 1008 carm
1049 966 1129 1009 uoco
1155 966 1210 1008 aec
1236 947 1417 1029 theatricae

278 1056 450 1132 camerario,
489 1073 513 1118 s.
547 1055 568 1120 l.
604 1056 636 1117 et
669 1071 706 1131 1.,
744 1052 855 1118 fonnis
894 1071 1041 1136 expressa
1080 1051 1212 1130 Getieis,
1252 1053 1417 1118 duodecim

278 1162 436 1239 foliorum,
462 1180 542 1242 quae
567 1161 696 1225 eosdem
714 1160 787 1224 illos
808 1162 936 1223 centum
955 1179 1068 1224 uersus
1088 1160 1229 1224 eontinet
1246 1159 1416 1224 interiectis

277 1268 410 1331 Buschii
425 1266 566 1344 scholiis,
584 1268 616 1330 et
632 1266 728 1330 editio
743 1267 826 1349 Aug.
842 1266 1015 1330 Buehneri:
1027 1266 1176 1329 Venantii
1193 1266 1415 1332 Fortunati...

277 1375 422 1457 Hymnus
456 1373 493 1437 de
517 1372 758 1438 Resurrectione
795 1373 933 1448 Domini,
972 1391 1044 1436 eum
1082 1372 1417 1437 animaduersionibus.

279 1481 467 1564 Vitebergee
503 1480 598 1543 1627.
633 1477 717 1543 Inter
749 1479 884 1543 editores
917 1478 1074 1542 lactantii
1105 1478 1225 1560 primus
1254 1478 1417 1542 Betuleius

279 1585 291 1670 (
295 1587 343 1651 ed.
365 1588 449 1650 1563
468 1606 501 1667 p.
522 1587 586 1651 548
607 1584 664 1671 ss.)
686 1585 947 1650 commentarium
968 1584 1114 1649 carminis
1135 1584 1270 1667 scripsit.
1291 1585 1419 1668 Legitur·

278 1711 361 1757 nune
388 1692 420 1756 in
451 1692 605 1756 Venantio
634 1691 807 1756 Fortunato
836 1711 928 1775 quem
958 1693 1019 1755 Leo
1049 1691 1149 1756 edidit
1175 1690 1292 1776 (Berol.
1324 1694 1417 1766 1881,

278 1818 309 1879 p.
335 1797 533 1884 51111111
559 1799 779 1866 constitutum.

323 2010 394 2073 Non
425 2010 527 2094 magis
560 2030 655 2092 quam
688 2011 817 2074 carmini
850 2010 887 2073 de
922 2029 982 2092 quo
1017 2009 1110 2074 modo
1145 2008 1419 2086 (1111111,Α111-

280 2116 417 2198 gmatis
443 2116 660 2200 Symphosii
683 2118 742 2182 hac
766 2118 797 2181 11
818 2117 954 2182 editione
973 2117 1064 2181 loeus
1084 2135 1154 2180 esse
1173 2118 1315 2197 poterat:
1342 2134 1418 2197 quae

280 2241 352 2286 cum
384 2223 503 2305 primus
535 2224 742 2288 Heumannus
776 2225 807 2287 in
842 2224 1012 2289 editionem
1049 2222 1204 2287 Laetantii
1242 2220 1283 2306 (a.
1322 2223 1419 2297 1786)

279 2328 465 2406 induxisset,
499 2349 606 2394 omnes
639 2348 737 2414 paene
769 2333 843 2413 post
874 2330 966 2393 illum
994 2325 1130 2395 editores
1162 2349 1223 2395 nou
1252 2332 1358 2393 tamen
1386 2332 1421 2391 ut

280 2436 435 2499 Lactantii
458 2436 665 2501 retinuerunt.
691 2437 822 2520 Legitur
851 2437 935 2519 apud
957 2437 1185 2520 Hieronymum
1208 2437 1256 2500 De
1283 2435 1344 2499 uir.
1367 2435 1419 2498 inl.
1538 2503 1539 2528 ,

281 2542 342 2605 80:
363 2542 526 2606 ‘habemus
545 2543 614 2607 eius
644 2541 702 2627 (sc.
728 2544 897 2625 Lactantii)
927 2543 1174 2627 Symposium,
1204 2543 1289 2625 quod
1317 2541 1422 2605 adule-

281 2649 444 2712 scentulus
477 2648 604 2731 scripsit
626 2648 770 2715 Africae'.
794 2649 843 2712 Ad
875 2649 935 2714 hoc
969 2649 1181 2732 Symposium,
1215 2648 1299 2730 quod
1332 2648 1421 2712 euius

280 2752 403 2838 generis
431 2752 531 2818 fuisse
563 2754 710 2818 uideatur
746 2754 923 2838 signifieaui
958 2755 990 2818 in
1029 2755 1291 2818 commentatione
1331 2753 1423 2817 t'eter

281 2860 331 2922 dte
354 2857 769 2937 1111111111111111111111111.
795 2909 802 2923 .
829 2909 836 2923 .
860 2880 890 2942 p.
922 2861 985 2923 129
1015 2879 1051 2937 1.,
1081 2860 1288 2924 Heumannus
1314 2861 1422 2924 simili-

189 3033 190 3038 ,
280 2965 389 3028 tudine
427 2966 591 3030 nominum
627 2966 758 3030 mirifice
796 2965 947 3048 deceptus
985 2969 1112 3031 centum
1148 2967 1205 3029 illa
1246 2967 1423 3050 aenigmata

280 3072 407 3136 rettulit
430 3091 560 3155 eamque
585 3073 764 3156 opinionem
788 3075 825 3136 ut
847 3075 995 3156 probaret
1018 3073 1094 3137 uiris
1115 3072 1217 3138 doctis
1241 3073 1423 3154 peruincere
1537 3071 1538 3102 ³

280 3197 374 3259 posse
400 3179 461 3243 sihi
483 3178 651 3242 uidebatur
675 3179 812 3244 editione
833 3181 976 3260 separata
996 3177 1073 3242 hae:
1098 3179 1132 3244 L.
1155 3177 1254 3243 Caelii
1273 3179 1423 3244 Firmiani

280 3285 437 3349 Laetantii
474 3285 688 3368 symposium,
727 3285 795 3349 siue
835 3286 969 3351 Centum
1012 3285 1239 3368 epigrammata
1281 3287 1423 3352 tristicha

282 3391 500 3474 aenigmatica,
526 3390 613 3469 Quae
637 3411 712 3457 uero
737 3411 794 3456 suo
820 3393 940 3457 aructori
963 3393 1042 3456 Post
1068 3392 1249 3475 longissimi
1273 3393 1423 3477 temporis

282 3499 451 3563 decursum
472 3499 668 3566 reddidit...
690 3499 868 3583 Christoph.
891 3499 973 3582 Aug.
993 3499 1210 3576 Heumannus,
1231 3501 1422 3576 Hanoverae,

284 3605 380 3672 1722.
406 3605 468 3670 Sed
482 3606 545 3670 iam
561 3607 671 3671 multis
687 3607 823 3671 saeculis
839 3609 910 3670 ante
934 3605 1034 3669 fuisse
1050 3605 1105 3686 qui
1118 3605 1199 3669 illud
1214 3606 1422 3687 opinarentur,
1536 3627 1537 3680 1

283 3712 375 3775 certis
400 3712 590 3794 quibusdam
614 3714 761 3797 uestigiis
786 3717 924 3796 apparet.
948 3713 1030 3776 Nam
1061 3731 1133 3776 cum
1156 3713 1187 3775 in
1212 3712 1423 3796 Anthologiae

281 3818 411 3882 Latinae
426 3819 534 3884 codiee
550 3820 753 3885 celeberrimo
775 3821 970 3885 Salmasieno
991 3838 1073 3883 saec.
1091 3820 1152 3883 VII
1172 3820 1306 3902 aliisque
1327 3820 1423 3884 uersi-

284 3925 348 3987 culi
368 3924 417 3988 illi
440 3925 619 3990 tribuantur
643 3927 843 4010 symphosio,
864 3926 1204 3990 Palatino-Vaticanus
1230 3926 1315 3990 1753
1341 3945 1420 3990 saec.

283 4031 328 4093 IX
355 4031 387 4094 in
414 4033 555 4116 margine
584 4034 758 4115 ascriptum
785 4033 881 4097 habet
908 4034 1040 4096 incanus
1062 4033 1238 4114 1111111111,
1263 4033 1296 4096 11
1319 4033 1424 4096 Petro-

208 4197 211 4204 .
283 4136 421 4219 politano
455 4141 560 4203 autem
593 4158 708 4204 nomen
741 4141 878 4204 auctoris
911 4140 1031 4220 strofosi
1058 4139 1107 4203 uel
1134 4139 1239 4204 lucani
1263 4142 1347 4204 extat
1371 4137 1423 4221 (cf.
1535 4171 1536 4198 r

285 4243 352 4309 Car.
382 4243 529 4323 Schenkl,
560 4244 1031 4334 1111111111111147).
1057 4247 1116 4311 Vir
1145 4247 1354 4311 dubitandum
1378 4248 1424 4310 est

285 4350 359 4432 quin
388 4352 578 4416 11111111
610 4356 642 4418 11
673 4353 777 4417 111111
810 4357 973 4437 corruptae
1015 4354 1134 4418 formae
1167 4354 1232 4418 sint
1264 4352 1424 4416 Loetontil
