3114 5004
519 382 520 386 ’
573 379 867 450 Prolegomena.
1237 381 1293 446 LV

138 591 318 656 perpaucas
351 573 424 640 illas
457 573 562 638 uarias
594 575 748 640 lectiones
773 575 907 658 quaein
934 575 1131 660 marginibus
1156 575 1292 659 scriptae

140 682 271 757 61116
300 681 407 746 661166
436 684 580 763 sumptas
610 701 691 761 esse,
719 685 756 746 ut
785 681 956 748 Cratander
985 683 1098 764 optimi
1126 683 1292 748 cuiusdam

140 786 265 851 codicis
289 788 442 854 lectiones
468 788 600 854 editioni
624 788 833 871 epistularum
853 789 1014 855 Ciceronis
1038 788 1195 872 ascripsit,
1218 790 1292 854 illae
1424 830 1426 834 -

140 911 255 958 omnes
289 897 345 958 aut
372 914 409 960 61
437 895 587 960 addendis
619 895 876 978 corrigendisque
913 896 1041 980 Egnatii
1069 898 1125 960 aut
1152 915 1188 961 61
1219 897 1294 960 Ρ61-

140 1000 291 1065 rhasiana
322 1003 455 1067 haustae
488 1002 633 1068 611111.
661 1003 762 1066 1524
788 1001 959 1067 Cratander
982 1001 1115 1087 (altera
1143 1003 1293 1070 Cratan-

141 1104 245 1193 1166)
274 1108 355 1173 hanc
384 1108 553 1172 editionem
581 1127 680 1190 paens
711 1108 868 1192 integram
905 1109 1032 1191 repetiit
1063 1107 1115 1195 (de
1143 1111 1189 1174 116
1218 1113 1290 1190 7,1

140 1232 219 1278 cum
251 1215 363 1280 multis
395 1214 489 1299 prior.
522 1213 720 1296 adaugetur
747 1217 833 1279 16616
860 1215 966 1293 habet,
994 1218 1030 1278 ut
1057 1220 1192 1297 6666116·
1220 1236 1293 1282 cum

141 1319 281 1404 Egnatio
313 1322 416 1404 prima
453 1320 561 1408 Crat).
605 1322 733 1386 Tertia
770 1321 1176 1386 Ο1616111666.1532
1209 1323 1294 1388 facta

140 1428 204 1490 est.
237 1427 402 1493 Consentit
430 1430 634 1520 6111611616
668 1427 871 1506 Cratandrea,
913 1431 1021 1512 plures
1057 1430 1163 1493 tamen
1201 1433 1293 1522 notas

70 1567 72 1571 ·
140 1534 379 1617 quampriores
400 1535 480 1598 duae
499 1534 531 1597 11
551 1534 747 1618 marginibus
767 1534 873 1612 habet,
893 1536 1007 1600 breues
1032 1533 1291 1620 argumentorum

141 1641 385 1725 descriptiones,
414 1642 471 1706 sed
504 1642 599 1706 etiam
631 1642 795 1719 lectiones,
824 1642 881 1706 has
911 1661 1036 1725 quoquc
1065 1662 1100 1708 61
1127 1644 1294 1709 Parrhasio

141 1748 198 1812 uel
221 1749 369 1838 Egnatio,
393 1749 425 1813 in
448 1749 528 1813 libro
553 1749 600 1813 De
625 1748 700 1831 opis.
725 1747 776 1812 dci
800 1768 836 1812 61
858 1749 989 1813 Ε1661116
1015 1752 1170 1831 sumptas.

150 1911 153 1918 .
188 1855 334 1919 Alteram
358 1853 582 1920 Cratandream
607 1855 760 1938 expressit
784 1855 881 1920 611116
907 1856 1147 1937 ‘Antuerpiae
1172 1857 1294 1922 616111-

142 1961 217 2025 cina
239 1962 325 2026 1661.
353 1961 525 2045 Grapbei’
542 1982 568 2026 a.
587 1963 686 2026 1532
712 1957 838 2038 emissa,
858 1961 920 2026 nisi
940 1963 1024 2044 quod
1047 1963 1121 2026 libri
1144 1963 1192 2027 De
1217 1965 1292 2047 opif.

144 2067 197 2131 dei
233 2068 405 2133 editionem
439 2068 656 2132 Erosmianam
690 2088 716 2132 a.
748 2069 833 2133 1529
864 2066 917 2154 (ef.
949 2087 1044 2151 supra
1075 2090 1106 2151 p.
1144 2070 1186 2154 X)
1220 2089 1293 2135 cum

144 2175 287 2256 epistula
310 2175 457 2257 notisque
481 2175 550 2239 eius
573 2175 704 2258 recepit.
727 2175 764 2238 ln
789 2174 902 2239 ceteris
931 2174 1020 2239 libris
1046 2174 1210 2259 Grapheus
1240 2197 1293 2241 666

142 2282 301 2348 166116166
350 2301 427 2364 quas
473 2280 663 2346 Cratandrea
698 2281 731 2344 in
767 2281 964 2365 marginibus
1001 2281 1107 2360 habet,
1147 2283 1294 2349 crucibus

143 2389 292 2470 praefixis
315 2389 422 2454 uerbis
448 2388 611 2472 scriptoris
635 2389 714 2471 ipsis
738 2389 912 2453 inmiscuit.

187 2496 235 2559 Ex
252 2496 356 2578 prima
378 2495 495 2560 Aldine
524 2496 620 2560 etiam
647 2495 821 2560 Parisino
844 2515 871 2559 a.
900 2497 997 2560 1525
1023 2493 1121 2582 (apud
1144 2496 1293 2561 Ioannem

142 2601 299 2686 Paruum)
326 2602 427 2681 111111,
454 2603 549 2685 61616
584 2597 709 2668 diuersa
737 2623 755 2666 a
784 2601 907 2666 duabus
940 2602 1097 2684 prioribus
1129 2603 1292 2668 Parisinis.

144 2707 346 2790 Quamquam
383 2709 414 2772 in
452 2709 529 2775 folio
567 2710 655 2773 tituli
694 2728 787 2774 uerso
825 2709 922 2773 habet
961 2708 1130 2791 epistulam
1167 2709 1293 2774 Ioannis

143 2815 280 2878 Tacuini
302 2834 330 2878 6.
357 2817 442 2879 1510
467 2834 504 2879 61
526 2815 734 2880 Parrhasiana
758 2811 928 2899 sumptam,
950 2816 1056 2879 tamen
1079 2815 1149 2898 ipsa
1171 2834 1233 2880 161
1258 2834 1294 2879 61

141 2919 202 2985 hae
227 2920 386 3003 descripta
410 2924 468 2987 est.

188 3083 254 3158 IV.
283 3084 409 3160 Editio
438 3084 603 3159 Fasitelii
633 3083 786 3182 (Aldina
813 3082 942 3180 altera)
972 3109 1003 3157 a.
1035 3083 1134 3157 1535
1164 3109 1248 3157 curn

575 3206 858 3308 propaginibus.

187 3345 278 3406 Noua
310 3362 440 3426 prorsus
474 3347 561 3409 aetas
594 3347 700 3408 textus
732 3343 931 3407 Lactantiani
963 3346 1031 3407 6116
1070 3345 1118 3406 661
1155 3341 1293 3407 editione

142 3447 282 3513 Aldina
316 3452 436 3515 altera
469 3471 496 3518 a.
524 3453 767 3530 ratramnus
796 3451 834 3513 ab
867 3450 1061 3515 Honorato
1093 3448 1292 3527 Pasitelis,

143 3556 340 3635 emendata,
364 3560 401 3621 ut
423 3557 544 3622 Paulus
568 3557 733 3622 Manutius
753 3557 827 3622 Aldi
850 3558 872 3622 f.
897 3557 928 3619 11
958 3556 1095 3639 epistula
1124 3553 1292 3620 ‘Germano

141 3660 291 3728 Minadoo
325 3663 480 3730 monacho
515 3663 663 3729 Casinati'
695 3664 848 3747 inscripta
878 3666 953 3746 post
985 3681 1133 3746 magnam
1171 3661 1292 3745 praedi-

142 3769 299 3834 cationem
318 3770 462 3835 Pasitelii
486 3770 540 3850 ait,
566 3771 608 3834 ‘in
628 3769 786 3835 Casinatis
811 3770 956 3835 coenobii
979 3768 1181 3847 bibliotheca,
1202 3770 1292 3831 uetu-

143 3875 358 3942 stissimorum
386 3877 532 3942 codicum
562 3877 752 3943 collatione'..
776 3877 836 3942 His
861 3897 877 3942 6
902 3877 1065 3942 codicibus
1088 3877 1177 3958 larga
1201 3874 1292 3956 copia

143 3982 333 4062 optimarum
365 3984 540 4049 lectionum
569 3983 609 4048 ad
640 3984 720 4049 hanc
750 3985 920 4049 editionem
953 3982 1152 4048 redundauit.
1185 3981 1293 4044 Habet

97 4119 100 4123 ·
142 4091 248 4153 autem
271 4090 469 4156 bibliotheca
493 4073 683 4170 Casinensis,
710 4094 864 4175 quantum
888 4091 1016 4174 quidem
1040 4110 1056 4154 e
1079 4089 1179 4172 primo
1199 4089 1291 4152 uolu-

142 4195 222 4262 mine
243 4197 383 4282 catalogi
402 4197 487 4280 quod
504 4218 604 4261 unum
623 4199 727 4263 adhue
747 4199 900 4263 emissum
921 4201 970 4262 est
989 4199 1127 4280 apparet,
1148 4194 1289 4270 codicem

141 4303 383 4370 Institutionum
420 4305 580 4389 signatum
614 4325 643 4367 1.
679 4306 742 4370 595
777 4305 896 4370 saeculi
928 4304 973 4367 XI
1004 4303 1058 4367 uel
1090 4302 1161 4379 ΧΠ,
1195 4320 1290 4384 quem
