3110 5004
587 414 637 466 De
664 415 851 484 passione
879 415 1042 468 Domini.

376 614 432 670 Sed
456 615 484 671 te
508 613 643 672 nimirum
667 614 709 672 sic
732 614 789 672 ista
812 616 922 672 caduca
943 615 1090 673 uidentem

376 703 497 761 Saecula
521 706 549 761 et
573 706 687 762 exutum
709 704 820 776 patriae
843 703 971 762 melioris
995 722 1090 763 amore

377 792 461 850 Orbis
486 810 555 866 opes
579 811 730 866 rerumque
753 810 824 852 usus
848 797 876 851 et
898 795 968 852 uota
991 794 1117 867 priorum

374 882 503 939 Moribus
528 882 667 940 extollent
690 882 779 940 sacris
803 882 937 956 uitaeque
960 884 1063 941 beatae

375 971 431 1044 Spe
456 973 542 1029 duras
565 971 641 1029 inter
661 988 769 1046 poenas
793 973 821 1029 te
845 989 909 1030 rore
932 972 1074 1030 fauebunt

376 1060 500 1118 Caelesti
524 1061 659 1135 pactique
682 1061 753 1119 boui
776 1061 929 1119 dulcedine
952 1064 1083 1135 pascent,

375 1150 552 1223 Purpuream
576 1151 669 1209 donec
691 1152 760 1224 post
782 1150 883 1207 ultima
906 1150 967 1208 sata
990 1150 1090 1210 relicto

376 1239 502 1312 Corpore
526 1240 665 1298 sublimes
689 1240 814 1298 animam
837 1239 988 1298 reuocabit
1011 1242 1048 1297 ad
1072 1258 1156 1298 auras

375 1327 475 1386 Gratia
497 1346 604 1402 magna
628 1329 683 1387 dei.
708 1331 778 1387 tunc
803 1346 917 1387 ornnem
941 1331 1026 1388 exuta
1047 1330 1187 1401 laborem,

373 1417 532 1492 Angelicos
555 1421 624 1477 tunc
647 1419 725 1477 laeta
749 1419 851 1477 choros
876 1419 1010 1493 aciesque
1033 1420 1135 1478 beatas

374 1507 544 1566 Sanctorum
567 1507 726 1582 inspiciens
751 1510 885 1566 aeternae
908 1508 989 1581 pacis
1013 1525 1136 1567 amoena

239 1605 275 1659 80
373 1595 516 1669 Perpetuo
540 1596 609 1655 felix
630 1615 743 1656 mecum
765 1598 900 1671 regnabit
923 1599 953 1655 in
977 1598 1052 1657 aula,
1157 1627 1159 1631 ·

327 1782 428 1837 LOCI
443 1781 673 1838 AVCTORVM
689 1783 916 1838 SIMILESVE
932 1784 966 1836 74
989 1784 1132 1838 dulcedine
1151 1784 1271 1854 pascent]
1250 1783 1383 1837 t.Sedul

240 1870 319 1907 carm.
341 1855 432 1924 p.asch
451 1855 545 1910 1150.
602 1857 675 1909 75s,
694 1856 895 1926 Purpuream..
908 1856 1059 1925 enimam]
1080 1855 1158 1924 Verg
1178 1856 1243 1909 Aen.
1263 1856 1303 1909 IX
1321 1856 1383 1908 349.

241 1925 355 1996 78-80]
375 1926 547 1982 Philomusus
566 1927 602 1979 49
621 1944 641 1980 s
697 1926 732 1980 80
750 1927 902 1996 regnabit
894 1945 923 1980 m
943 1928 1015 1997 aula]
1034 1927 1114 1996 Verg
1130 1927 1227 1997 Georg.
1246 1928 1285 1980 IV
1305 1927 1348 1980 90.

276 2050 310 2103 70
330 2067 378 2102 eru
380 2053 437 2104 tarn
456 2027 483 2104 V
535 2052 566 2104 71
588 2051 663 2104 uisus
677 2053 709 2105 X
763 2051 855 2103 72t
812 2068 842 2104 ex
843 2051 952 2121 tollent]
966 2051 1110 2114 Boethius,
1125 2050 1256 2103 extollens
1266 2051 1382 2118 potores,

240 2121 377 2190 expoliant
394 2122 581 2176 Heumaccuc
593 2139 624 2190 p.
645 2126 706 2175 234
761 2122 795 2175 74
813 2123 939 2192 pratique
958 2122 1095 2175 Boethius
1114 2122 1182 2176 conl.
1201 2122 1249 2175 Ps.
1269 2121 1388 2175 XXIII

240 2191 362 2260 (XXII)
382 2196 402 2245 2
421 2199 446 2246 et
464 2193 597 2247 Prodest.
620 2194 739 2248 Cottam.
764 2194 845 2246 VIII
858 2199 890 2247 41
945 2196 978 2247 77
998 2194 1053 2262 dei]
1067 2194 1196 2257 Rectinae,
1216 2193 1268 2246 tibi
1275 2194 1385 2261 potores

240 2268 355 2332 &cacto
368 2269 434 2332 post
452 2282 529 2319 auras
552 2269 590 2318 76
608 2267 711 2334 posito)
784 2282 855 2319 nuno
873 2264 1020 2319 B1B²B³L
