3110 5004
507 459 547 512 de
577 459 791 514 Lactantio
820 465 1064 518 testimonia.
1293 474 1355 535 163

756 655 810 718 IV.

254 778 517 860 Hierocaesarea,
551 778 717 843 Cornmeat.
747 781 781 841 ia
805 779 915 845 Eeeeb.
942 782 1004 857 XI,
1032 783 1197 848 XXXVI
1215 787 1269 865 (V
1289 793 1356 854 422

210 885 277 969 D).-
300 887 413 969 Neque
438 887 521 951 onim
545 888 632 951 iuxta
655 887 802 951 Iudaicas
825 888 960 968 fabulas,
986 910 1064 973 quas
1091 893 1140 955 illi
1165 893 1356 978 δευτερώσεις

211 993 380 1076 appellant,
415 995 606 1076 gemmatam
640 996 671 1058 et
704 1012 830 1060 auream
859 996 897 1059 de
926 999 1012 1061 caelo
1042 1000 1243 1081 expectamus
1271 1000 1354 1064 leru-

180 1101 368 1164 ¹ssalem...
395 1100 479 1182 quod
512 1104 543 1164 et
576 1102 669 1165 multi
702 1105 882 1166 nostrorum
912 1105 943 1166 et
970 1104 1137 1188 praecipue
1170 1105 1356 1170 Tertulliani

210 1209 290 1273 liber
313 1209 368 1291 qui
391 1207 574 1272 inscribitur
597 1210 644 1273 De
669 1229 724 1291 spe
748 1209 889 1273 fidelium
920 1213 952 1274 et
979 1211 1170 1275 lactantii
1199 1213 1355 1277 Institu-

210 1316 354 1379 tionum
378 1316 529 1379 uolumen
554 1315 723 1398 septimum
749 1316 927 1399 pollicetur.
1058 1357 1061 1367 ·

247 1456 291 1509 ud.
312 1457 381 1509 Iasi.
407 1457 469 1510 VII
485 1460 533 1520 24,
556 1461 573 1509 6
593 1458 752 1511 addendum

764 1691 801 1753 V.

256 1813 518 1895 Hieronymus
562 1813 727 1879 Uarronem.
766 1817 801 1877 irc
836 1815 954 1878 Isaeum
997 1812 1129 1876 XVIII
1150 1817 1255 1894 praef.
1289 1813 1360 1898 (IV

171 1955 192 1988 a
208 1921 310 2007 ·7o'7):
338 1922 409 1987 Non
439 1922 508 1986 dieo
539 1923 576 1986 de
604 1923 756 2005 mysterio
785 1923 946 2014 trinitatis,
972 1922 1063 1986 euius
1087 1925 1173 1986 recta
1197 1922 1353 1986 confessio

213 2032 263 2093 est
284 2029 440 2113 ignoratio
466 2029 627 2107 scientiae,
654 2029 709 2094 sed
734 2029 771 2092 de
797 2029 866 2093 aliis
893 2029 1119 2094 ecclesiasticis
1145 2028 1354 2112 dogmatibus

213 2137 249 2200 de
278 2136 505 2200 resurrectione
535 2137 658 2200 scilicet
686 2140 717 2200 et
745 2137 783 2200 de
813 2138 987 2201 animarum
1016 2139 1049 2200 et
1071 2136 1227 2199 humanae
1252 2136 1353 2199 camis

213 2244 308 2320 statu,
330 2243 367 2306 de
387 2241 686 2322 repromissionibus
710 2243 900 2319 futurorum
922 2242 1080 2324 quomodo
1106 2241 1240 2305 debeant
1260 2242 1354 2323 accip

213 2353 245 2412 et
269 2369 331 2431 qua
353 2349 474 2412 ratione
497 2348 713 2432 intellegenda
737 2350 780 2412 sit
801 2349 1010 2432 Apoealypsis
1034 2349 1181 2413 loannis:
1212 2368 1306 2430 quam
1339 2353 1371 2412 s'

171 2489 194 2524 15
212 2457 299 2534 iuxta
321 2457 460 2519 litteram
486 2455 670 2536 accipimus,
694 2456 915 2520 iudaiaandum
944 2459 1003 2531 est,
1029 2456 1054 2520 si
1084 2455 1291 2537 spiritualiter
1318 2458 1355 2518 ut

213 2563 329 2644 scripta
362 2565 411 2626 est
444 2562 639 2640 disserimus,
669 2563 842 2627 multorum
871 2566 1016 2626 ueterum
1049 2561 1229 2626 uidebimur
1256 2561 1353 2643 opini-

213 2670 325 2734 onibus
355 2669 518 2746 contraire‚
548 2670 733 2734 Latinorum
762 2669 949 2733 Tertulliani
973 2669 1132 2734 Victorini
1159 2669 1353 2732 lactantii

248 2808 286 2861 ad
304 2810 374 2864 Iast.
399 2807 462 2861 VII
478 2812 526 2874 24,
550 2811 566 2860 6
587 2808 744 2861 addendum

756 3039 809 3104 VI.

254 3163 515 3246 Hierocaesarea,
550 3162 714 3228 Gomrrrerct.
742 3165 776 3226 e're
805 3165 891 3244 epist.
920 3164 962 3226 eet
989 3163 1103 3244 pres.
1133 3163 1152 3229 l.
1181 3162 1226 3225 II
1248 3185 1272 3226 e.
1302 3162 1356 3225 IV

164 3310 188 3344 a
207 3268 302 3338 (VII
321 3274 387 3334 628
410 3270 478 3343 Ε).·
512 3271 723 3335 Firmianus
752 3277 859 3335 noster
881 3271 997 3335 librum
1023 3271 1073 3334 De
1097 3271 1152 3334 ira
1176 3271 1236 3334 dei
1260 3270 1353 3334 docto

207 3377 324 3458 pariter
352 3379 384 3440 et
412 3376 573 3458 eloquenti
607 3397 748 3441 sermone
782 3379 982 3460 conscripsit,
1017 3398 1109 3459 quem
1143 3377 1197 3458 qui
1229 3377 1351 3460 legerit

207 3487 284 3566 puto
310 3484 337 3546 ei
363 3483 401 3546 ad
429 3484 493 3546 irae
522 3485 719 3548 intellectum
751 3485 829 3556 satis
859 3484 1044 3564 abundeque
1072 3502 1167 3565 posse
1196 3482 1351 3547 sufficere.

746 3730 815 3794 VII.

249 3851 445 3928 Damasus,
466 3853 568 3934 Epist.
589 3855 632 3917 eet
641 3853 876 3936 Hieronymum,
888 3854 1073 3936 Hieronymi
1092 3853 1194 3933 Eptse.
1213 3853 1358 3917 XXXV

159 3965 224 4021 251
248 3960 289 4041 (I
307 3963 369 4023 157
393 3961 462 4043 B).·
491 3962 605 4026 Fateor
628 3961 743 4044 quippe
767 3961 836 4026 tibi.
863 3980 916 4026 eos
940 3980 1019 4042 quos
1043 3960 1122 4024 mibi
1144 3962 1208 4025 iam
1231 3960 1351 4042 pridem

204 4066 396 4130 Lactantii
434 4067 565 4130 dederas
598 4067 695 4130 libros
728 4066 798 4130 ideo
832 4087 893 4131 non
927 4067 1061 4130 libenter
1092 4069 1179 4150 lego,
1214 4067 1288 4149 quia
1321 4070 1353 4129 et

202 4175 357 4255 plurimae
394 4175 587 4258 epistulae
626 4175 694 4237 eius
726 4193 828 4255 usque
865 4174 902 4236 ad
935 4175 1022 4237 mille
1060 4176 1161 4257 spatia
1198 4193 1350 4238 uersuum

202 4279 376 4344 tenduntur
399 4283 431 4343 ct
454 4300 522 4344 raro
548 4281 585 4342 de
610 4282 716 4342 nostro
743 4279 890 4362 dogmate
915 4279 1088 4362 disputant,
1114 4301 1184 4365 quo
1200 4281 1236 4342 fit
1259 4283 1295 4342 ut
1319 4283 1351 4343 et

202 4387 323 4470 legenti
355 4388 519 4452 fastidium
553 4389 682 4470 generet
713 4386 878 4470 longitudo
913 4389 945 4448 et
977 4387 1004 4450 si
1037 4406 1099 4468 qua
1126 4387 1236 4451 breuia
1264 4389 1349 4454 sunt,

1246 4509 1294 4561 ll*
