3110 5004
346 1001 533 1065 VETERA
560 1001 620 1064 Du
649 997 921 1062 adersario
950 994 1246 1060 TESTIMONIA

316 1127 471 1212 (perceptis
499 1126 578 1190 locis
608 1125 661 1207 qui
690 1125 721 1188 in
751 1127 902 1207 apparatu
936 1119 1234 1189 commemorantum
1248 1121 1268 1186 ¹.

781 1250 795 1313 l

266 1376 530 1458 Hieronymus,
559 1375 609 1440 De
636 1377 698 1439 air.
729 1376 782 1442 inl.
812 1373 971 1438 LXXX:
998 1374 1211 1438 Firmiauus
1240 1373 1303 1454 qui
1331 1375 1368 1436 eb

220 1484 444 1548 Lactantius
460 1485 591 1549 Amobii
606 1485 785 1566 discipulus
800 1485 859 1548 sub
874 1483 1075 1548 Diocletiano
1090 1481 1232 1565 principe
1246 1479 1367 1544 accitus

220 1610 291 1654 rum
316 1591 430 1655 Flauio
460 1592 678 1674 grammatico,
709 1592 800 1656 cuius
830 1591 877 1655 De
904 1587 1147 1654 medicinalibus
1175 1605 1271 1652 uersu
1295 1605 1366 1651 corr·

219 1698 316 1778 positi
350 1701 456 1762 extant
487 1699 570 1765 libri.
595 1697 799 1763 Nicomediae
827 1696 1015 1761 rhetoricam
1045 1693 1154 1759 docuit
1178 1713 1213 1758 ac
1236 1692 1368 1777 penuria

186 1818 198 1856 ⁵
220 1804 449 1887 discipulorum
478 1806 517 1870 ob
543 1805 696 1870 Graecam
724 1805 877 1869 uidelicet
904 1803 1068 1868 ciuitatem
1097 1802 1137 1865 ad
1165 1800 1365 1866 scribendum

219 1931 253 1974 se
282 1913 428 1978 contulit.
467 1913 622 1976 habemus
651 1913 720 1976 eius
750 1911 964 1995 symposium,
993 1909 1078 1992 quod
1105 1908 1366 1973 adulescentulus

219 2017 347 2099 scripsit
373 2019 499 2104 Africae
532 2023 565 2083 et
596 2019 843 2102 hodoeporicum
875 2017 982 2083 Africa
1013 2036 1114 2099 usque
1147 2014 1365 2081 Nicomediam

220 2125 409 2190 hexametris
438 2127 592 2208 scriptum
617 2127 764 2190 uersibus
789 2129 821 2189 et
844 2125 942 2188 alium
965 2123 1082 2187 librum
1107 2123 1161 2206 qui
1183 2121 1367 2186 inscribitur·

220 2229 455 2298 Grammaticus
488 2237 521 2298 et
551 2235 800 2317 pulcherrimum
830 2235 876 2297 De
909 2233 955 2296 ira
983 2232 1032 2296 dei
1063 2234 1095 2295 et
1121 2229 1364 2295 Institutionum

176 2354 199 2390 ιο
219 2339 407 2404 Diuinarum
427 2342 581 2406 aduersus
605 2344 717 2425 gentes
740 2341 840 2405 libros
864 2342 986 2422 septem
1008 2340 1040 2401 et
1059 2336 1198 2422 ἐπιτομήν
1222 2333 1365 2400 eiusdem

219 2445 331 2525 operis,
355 2447 471 2510 librum
492 2467 590 2510 uuum
612 2444 774 2531 ἀκέφαλον,
796 2449 829 2509 et
846 2445 895 2508 Ad
914 2443 1135 2527 Asclepiadem
1155 2442 1254 2507 libros
1274 2442 1363 2515 duos,

218 2551 264 2614 De
288 2554 509 2634 persecutione
533 2541 649 2618 librum
673 2574 783 2630 unum,
803 2553 853 2617 Ad
871 2553 1009 2617 Probum
1034 2551 1242 2634 epistularum
1265 2549 1364 2613 libros

253 2691 285 2744 dc
309 2693 359 2745 hoc
384 2707 443 2761 cap.
468 2695 503 2761 cf.
528 2693 591 2749 Ueb.
618 2693 670 2747 dos
695 2693 786 2748 leben
810 2694 855 2747 dea
880 2694 958 2746 Laod.
982 2692 1089 2760 passim
1113 2696 1137 2744 et
1164 2689 1227 2745 Uee.
1249 2690 1274 2743 d.
1297 2689 1363 2744 Erat·

216 2780 415 2848 atehunpeverh.
431 2797 460 2849 p.
475 2785 532 2834 123
550 2799 584 2834 aa.
624 2782 637 2835 1
653 2782 806 2836 Firmianus
820 2783 912 2834 rethor
925 2781 972 2850 qui
985 2781 1042 2835 eod.
1056 2780 1149 2833 Paria.
1160 2779 1249 2832 Nouo.
1262 2777 1363 2846 acprocr-

217 2867 266 2920 lat.
285 2872 365 2922 1460
382 2886 452 2923 sace
472 2871 520 2923 IX
557 2872 572 2922 3
592 2871 673 2925 flauio
694 2872 751 2925 cod.
772 2871 931 2924 Corinensis
949 2872 1010 2923 294
1030 2873 1111 2934 (saec.
1129 2869 1180 2934 X).
1197 2866 1269 2920 lanio
1284 2865 1364 2934 Reci-

214 2958 307 3009 neaais
335 2962 418 3011 2077
446 2961 528 3024 (saec.
557 2960 741 3028 VIII-IX),
769 2960 843 3012 fabio
872 2957 1048 3013 Vercellensa‘s
1075 2959 1130 3010 183
1160 2959 1241 3022 (saec.
1272 2954 1362 3022 VIII)

219 3044 381 3100 Veronensis
400 3049 499 3101 XXII
516 3052 556 3102 20
576 3052 657 3115 (saec.
682 3049 772 3117 VIII)
828 3050 844 3101 6
863 3048 994 3101 habemus
1014 3047 1082 3116 quid
1104 3045 1236 3116 aipnilicet
1255 3045 1363 3098 donoa-

214 3138 333 3186 stratwm
356 3142 395 3189 eat
422 3136 485 3190 Ueb.
513 3139 538 3191 d.
563 3139 817 3207 Erctstehuapeoerh.
838 3155 869 3206 p.
896 3139 935 3190 90
1026 3136 1267 3204 Iodaepom'cum
1287 3133 1363 3202 Reos

215 3221 388 3291 odyporicum
407 3226 438 3278 irc
456 3243 512 3280 ros.
533 3244 566 3279 ra.
582 3231 596 3278 1
615 3226 698 3285 Vere..
713 3227 886 3296 odyporicum
903 3227 935 3279 de
952 3225 1024 3290 Oce..
1040 3225 1221 3295 hodoeporica
1237 3223 1269 3276 de
1284 3223 1363 3277 Por.³

214 3315 243 3365 ec
268 3345 299 3352 -
324 3314 415 3368 arna
442 3332 493 3368 om.
524 3315 621 3369 Veron.
714 3316 747 3369 ro
772 3313 949 3370 narseum
977 3315 1049 3380 cea,
1069 3311 1256 3368 curremus
1283 3299 1363 3368 Paa’

95 3469 97 3472 Ι
214 3399 362 3455 ΕΝΙΑΑΓΙ
395 3403 479 3466 Vero,
509 3402 647 3458 ENIMFN
680 3406 777 3459 Verere.
852 3405 950 3458 librum
971 3403 1063 3472 unum]
1084 3404 1110 3456 in
1131 3403 1199 3456 libro
1220 3419 1273 3455 uno
1293 3402 1361 3456 Por.

214 3487 413 3543 ΑΝΑΚΕΦΧΩ
437 3491 507 3559 Oea,
528 3490 748 3546 ΑΙΙΟΚΕΦΑΛΩ
767 3495 846 3557 Pom,
867 3493 998 3546 acefalum
1017 3492 1091 3561 Rea,
1112 3488 1262 3545 ΜΕΦΑΤΩ
1286 3489 1360 3543 Vere·

218 3576 316 3631 Veron.
392 3582 424 3632 12
449 3581 488 3634 ad
510 3582 643 3649 epistolas
668 3582 813 3636 Lactantic'
841 3583 876 3649 cf.
901 3581 1071 3636 Hadrianus
1098 3579 1208 3646 Iocatus,
1236 3578 1361 3632 Batavio

213 3667 319 3733 (1583)
339 3685 370 3735 p.
396 3671 459 3721 311:
485 3669 672 3737 (Egmondano
697 3670 825 3723 coenobio
854 3671 936 3739 longe
966 3667 1163 3734 uetustissimo,
1191 3666 1353 3721 Benedictis

212 3756 320 3822 generis
334 3757 483 3823 monachis)
504 3757 551 3810 ubi
567 3757 733 3812 bibliotheca
747 3758 860 3812 celebris
873 3759 959 3812 omnis
974 3758 1080 3829 generis
1094 3757 1202 3828 scriptia
1223 3755 1360 3809 codicibus

214 3845 242 3895 ct
260 3845 419 3912 praesertim
438 3845 658 3910 membranaceis,
673 3865 740 3916 quos
755 3848 902 3917 diligenter
914 3865 1013 3918 magna
1026 3865 1090 3901 cura
1109 3865 1168 3901 cum
1183 3846 1289 3900 Priores
1304 3844 1358 3908 alii,

212 3934 270 3983 tum
291 3930 425 3986 Gerardua
446 3953 477 3988 cx
491 3934 689 4012 Poelgeestana
708 3938 791 4006 stirpe
811 3937 902 3991 Abbas
927 3937 1105 4006 undecunque
1130 3935 1359 4005 conquisiuerarrt,

162 4081 164 4086 Ι
212 4036 285 4074 raros
312 4025 435 4076 auctores
459 4025 589 4089 ostendit,
609 4043 622 4078 e
643 4027 740 4095 quibus
765 4027 840 4080 dolet
862 4026 928 4080 mihi
953 4026 1089 4079 interiisse
1113 4025 1186 4078 intra
1206 4023 1358 4093 quindecim

212 4107 346 4175 proximos
366 4126 460 4174 annos,
479 4129 578 4180 magno
598 4114 734 4167 literariae
757 4114 871 4183 Reipub.
897 4113 1069 4175 detrimento,
1094 4111 1268 4166 Lactantii
1291 4111 1358 4165 Fir·

210 4194 313 4248 miani
342 4197 564 4265 epistolarum
597 4199 704 4253 libros
733 4201 822 4262 duos,
848 4217 960 4269 quorum
985 4200 1108 4253 meminit
1135 4200 1295 4253 nominatim
1324 4197 1357 4252 D.

210 4283 406 4353 Hieronymus:
439 4303 506 4356 quos
535 4288 598 4341 dum
627 4287 661 4342 ad
690 4305 732 4342 me
761 4289 865 4358 cogItat
894 4288 1008 4342 editioni
1041 4287 1216 4342 destinandos
1249 4288 1357 4341 mittere

248 4390 256 4422 ¹
277 4391 317 4444 De
336 4393 378 4444 his
399 4391 431 4444 cf.
452 4393 572 4447 Indicam
593 4394 778 4464 Expilatorum
799 4398 827 4448 et
845 4395 975 4448 Tertium.

264 4515 355 4554 xxvii.
370 4517 432 4555 naec.
448 4518 468 4553 a.
1256 4500 1288 4552 11
