3164 5000
285 405 402 491 LXXX
712 425 1004 494 Prolegomena.

255 643 257 647 ’
283 625 450 699 percontari
473 625 575 684 obuios
600 624 744 684 erubescit
762 657 815 695 —‚
834 623 907 683 illud
930 627 1028 684 temen
1051 626 1148 685 nulius
1167 627 1361 700 philosophus
1380 630 1430 686 ad-

249 714 375 773 tseruit
405 732 551 788 umquam,
581 714 654 773 nihil
686 713 762 772 inter
789 713 935 772 hominem
963 732 997 773 ec
1025 716 1152 789 pecudes
1179 716 1331 775 interesse.
1378 736 1430 776 nec

285 803 401 862 omnino
418 803 580 878 quisquam,
598 804 647 878 qui
662 804 747 863 modo
763 803 809 861 uel
823 803 927 862 leuiter
942 803 1058 877 sapiens
1072 804 1166 863 uideri
1179 805 1277 875 uellet,
1288 806 1429 866 rationale

284 893 391 951 animal
424 911 488 952 cum
521 892 608 952 mutis
637 895 666 952 et
696 891 952 952 inrationabilibus
985 893 1171 968 coaequeuit:
1210 895 1289 968 qued
1320 895 1430 954 faciunt

284 983 401 1056 quidam
428 982 546 1056 inperiti
573 986 660 1056 etque
677 982 759 1054 'ipsis
786 982 948 1054 pecudibus
971 982 1089 1054 similes
1115 983 1164 1057 qui
1188 1001 1252 1042 cum
1275 985 1372 1042 uentri
1394 1003 1426 1043 eo
1459 1000 1470 1040 s
1536 1029 1538 1036 ,

283 1072 427 1146 uoluptati
451 1089 481 1130 se
504 1071 597 1130 uelint
617 1071 741 1141 tradere,
767 1070 848 1130 aiunt
871 1072 970 1130 eedem
993 1071 1105 1131 ratione
1128 1090 1159 1131 se
1183 1075 1268 1130 natos
1288 1091 1346 1146 qua
1364 1075 1427 1131 uni-

248 1165 368 1219 3uersa
400 1179 473 1234 quae
506 1161 631 1233 spirant3
666 1162 743 1234 quod
776 1159 833 1218 dici
865 1162 902 1219 ab
934 1161 1048 1220 homine
1080 1161 1125 1220 fas
1157 1178 1216 1220 non
1246 1165 1298 1220 est.
1365 1164 1427 1236 quis

284 1250 358 1308 eninr
386 1253 446 1307 tem
468 1249 602 1308 indoctus
626 1252 659 1308 ut
681 1249 801 1319 nesciat,
832 1249 896 1324 quis
919 1253 977 1308 tam
1001 1251 1161 1323 inprudens
1184 1254 1299 1310 utnon
1323 1253 1428 1310 sentiet

247 1345 264 1396 4
283 1339 378 1397 inesse
403 1337 512 1412 aliquid
534 1337 565 1395 in
585 1339 701 1397 homine
721 1339 831 1398 diuini?
849 1339 978 1398 nondum
996 1340 1082 1399 uenio
1103 1341 1140 1397 ed
1159 1340 1282 1398 uirtutes
1297 1340 1385 1399 animi
1399 1345 1427 1400 et

283 1427 402 1501 ingenii,
419 1427 522 1500 quibus
541 1427 651 1486 homini
671 1445 735 1486 cum
751 1429 803 1488 deo
819 1428 974 1486 manifeste
990 1429 1123 1503 cognatio
1145 1432 1200 1488 est:
1221 1446 1317 1488 nonne
1336 1429 1426 1504 ipsius
1445 1439 1469 1478 10

284 1516 413 1590 corporis
432 1519 524 1574 status
542 1519 570 1574 et
585 1516 643 1574 oris
662 1517 755 1590 figura
770 1518 898 1576 declarat
915 1534 974 1577 non
994 1535 1057 1576 csso
1078 1535 1130 1577 nos
1149 1536 1213 1577 cunr
1233 1518 1320 1577 mutis
1339 1536 1425 1593 pecu·

371 1807 387 1859 2
407 1823 456 1861 nec
476 1810 539 1872 (nec
558 1807 577 1861 r'.
596 1824 617 1860 e.
636 1825 691 1860 non
709 1824 743 1861 oe.
763 1811 796 1875 2)
815 1808 885 1861 nibil
897 1808 925 1861 P
996 1808 1012 1862 3
1032 1808 1201 1878 qui-uellet
1217 1808 1324 1877 ecrrpsi,
1347 1809 1424 1863 modo

283 1878 341 1949 (qui
365 1895 385 1934 s.
406 1879 423 1932 t.
444 1879 509 1932 add.
529 1896 563 1932 rn.
584 1882 615 1946 3)
636 1879 742 1948 sepiens
762 1878 849 1932 uideri
867 1880 952 1933 uellet
969 1881 1005 1943 B,
1026 1881 1072 1948 qui
1091 1880 1170 1934 modo
1189 1881 1298 1950 sepiens
1318 1881 1365 1949 qui
1382 1883 1424 1934 uel

280 1949 379 2003 leuiter
395 1950 424 2003 P
475 1951 492 2003 4
511 1951 690 2020 eorerequeuit
708 1953 738 2016 (e
755 1967 776 2005 e.
797 1951 815 2005 l.
835 1968 868 2004 m.
890 1955 915 2015 3,
934 1951 977 2004 uit
995 1967 1029 2007 m.
1051 1955 1069 2004 3
1086 1952 1117 2004 irc
1137 1955 1156 2005 3
1175 1951 1226 2005 litt.
1246 1967 1292 2019 er„
1311 1968 1425 2020 quornm

276 2075 371 2143 pruma
390 2073 481 2141 roe
518 2077 534 2128 s
553 2075 649 2128 simun
659 2075 705 2139 1³1,
725 2074 879 2142 simneere
899 2076 1069 2132 srmnnmre
1105 2041 1291 2130 onisirae]
1305 2063 1424 2130 nune

283 2148 315 2200 10
335 2149 414 2211 feste,
434 2164 485 2202 om.
506 2163 564 2200 cum
585 2146 634 2200 deo
653 2147 740 2200 meni·
759 2147 787 2200 P
840 2149 871 2201 11
893 2165 941 2201 nos
961 2165 1011 2203 om.
1027 2149 1055 2202 P

284 2339 365 2408 Tbys.
388 2337 468 2391 Cant.
544 2337 712 2392 lcrubescit
735 2339 800 2406 (sic)
824 2341 901 2392 1493
928 2340 1238 2395 1494.1509.Parrh.
1312 2339 1422 2406 2nihill

280 2410 379 2477 Detph.
396 2408 494 2477 Gpmn.
513 2409 594 2463 Terre.
611 2426 657 2478 pr.
675 2411 762 2464 Betut.
778 2417 804 2464 et
810 2413 983 2479 posteriores,
998 2429 1051 2465 non
1066 2411 1135 2464 nihil
1152 2411 1199 2478 (cf.
1214 2427 1301 2480 sopra
1315 2412 1372 2466 eod.
1385 2411 1421 2478 P)

393 2551 608 2621 e
789 2482 1421 2623 ert

280 2640 312 2676 ec
339 2623 469 2692 pecudem
496 2627 581 2679 1470.
605 2627 689 2676 1474.
712 2628 797 2680 1494.
820 2625 928 2694 Depo,
954 2630 982 2680 et
1005 2625 1121 2694 pecudes
1144 2626 1276 2679 Buccem.
1298 2624 1373 2693 Rip,
1396 2629 1423 2677 et

280 2693 410 2764 pecudem
430 2700 488 2748 cett.
562 2698 578 2747 3
599 2695 767 2763 qui—uellet
784 2697 889 2764 europei,
910 2697 1062 2766 quisquam,
1081 2696 1161 2750 modo
1180 2697 1297 2766 sepiens,
1316 2697 1362 2766 qui
1380 2696 1422 2749 uel

279 2766 378 2818 ieuiter
398 2766 462 2831 (sic)
482 2781 573 2820 omnes
592 2772 656 2819 ante
673 2765 786 2835 Eprrat.,
801 2772 866 2835 post
885 2785 944 2822 eum
963 2768 1163 2822 Veneta1521.
1183 2767 1253 2830 Fre,
1274 2768 1420 2836 quisquam,

279 2835 359 2890 modo
380 2837 426 2906 qui
445 2838 552 2906 sapiens
571 2837 658 2891 uideri
677 2837 769 2900 uellet,
784 2839 886 2908 Epnat.
906 2838 1308 2907 Crat.1525.ttrapo.Faett.
1326 2837 1420 2908 Gpmrr.

237 2936 240 2940 ·
283 2907 386 2977 Grppb.
409 2909 503 2978 Querrt.
526 2908 602 2962 Gott.
626 2910 708 2962 Terre.
722 2926 768 2977 pr.
783 2916 856 2978 post.
870 2909 967 2964 Maro.
983 2910 1062 2965 Stets.
1079 2911 1173 2964 Tbom.
1186 2912 1225 2964 Is.
1248 2911 1330 2978 pre.
1348 2909 1420 2964 Gall.

281 2979 380 3047 Spore.
407 2981 485 3034 Cant.
514 2979 620 3034 Watcb.
644 2981 773 3034 Breuem.
797 2982 916 3050 Lenptet.
936 2981 1009 3050 Rip..
1034 2983 1186 3051 quisquam,
1210 2981 1290 3034 modo
1319 2982 1422 3048 sepiens

282 3051 368 3104 uideri
382 3051 474 3107 uellet.
489 3051 553 3105 Cen.
565 3052 663 3106 Heum.
678 3052 807 3105 Eduard.
843 3054 1043 3122 4coeequeuit]
1058 3070 1149 3107 omnes
1160 3053 1422 3118 onteParrbasr'nm,

276 3127 343 3190 post
354 3139 414 3176 eum
430 3122 494 3177 Ceu.
509 3123 607 3176 Herem.
628 3129 653 3177 ct
666 3125 838 3190 posteriores,
853 3126 1008 3194 coaequarit
1026 3124 1119 3178 Porrb
1140 3125 1217 3180 Inot.
1232 3125 1280 3187 Is,
1294 3140 1423 3193 coaequa·
1498 3153 1501 3158 ·

282 3195 354 3246 uerit
380 3194 484 3263 Epnot.
514 3193 589 3250 Orat.
616 3197 700 3248 1525.
730 3194 836 3263 Grapb.
862 3195 953 3250 Facit.
979 3195 1077 3264 aymo.
1107 3194 1213 3265 Grypb.
1243 3195 1339 3265 Quent.
1368 3195 1425 3262 (sed

283 3266 391 3319 litterae
419 3281 447 3318 er
473 3266 576 3318 minute
603 3267 722 3334 scriptae
748 3273 780 3320 ret
808 3267 930 3334 dobiae).
958 3267 1035 3322 Gatt.
1064 3269 1148 3322 Terre.
1167 3283 1212 3335 pr.
1233 3273 1306 3334 post.
1329 3267 1424 3322 Mam.

282 3337 373 3392 Betot.
400 3335 479 3390 Stets.
506 3337 599 3392 Ibem.
623 3337 704 3407 Phys.
727 3337 803 3392 Gall.
826 3339 933 3392 Watcb.
1025 3338 1193 3391 dsimillimi
1213 3340 1239 3404 (e
1257 3337 1316 3391 cod.
1335 3334 1374 3403 B)
1397 3338 1426 3389 tn

282 3424 365 3476 roura.
390 3408 494 3468 There,
513 3407 544 3462 in
558 3414 633 3462 textu
646 3409 775 3463 Eduard.
836 3411 852 3462 7
864 3409 905 3463 fas
920 3413 985 3480 non]
1001 3409 1183 3464 neiusomrres
1245 3407 1425 3476 Spostindo·

283 3482 342 3532 ctus
353 3478 418 3532 odd.
431 3484 473 3532 est
481 3479 572 3533 Fastt.
587 3486 612 3533 et
619 3480 786 3548 posteriores
799 3487 907 3549 excepto
921 3480 1083 3542 Frttrscbid
1099 3483 1141 3534 est
1149 3486 1215 3549 post
1230 3480 1289 3549 quis
1298 3478 1426 3532 Eduard.

283 3551 406 3604 9inesse
437 3550 552 3620 aliquid]
580 3567 670 3605 omnes
699 3557 764 3605 anto
796 3552 927 3606 Venetam
951 3557 1037 3618 1493,
1057 3559 1157 3620 posteo
1175 3551 1304 3604 Eduard.
1325 3553 1353 3617 (e
1371 3549 1426 3604 cod.

283 3622 332 3688 B).
349 3620 420 3684 Fre,
435 3621 539 3691 aliquid
553 3623 641 3676 inesse
656 3639 715 3676 cum
729 3624 769 3677 eet.
785 3627 860 3676 1493
874 3629 933 3678 cett.
989 3623 1076 3677 diuini
1091 3629 1157 3691 post
1177 3620 1281 3692 aliquid
1299 3620 1426 3675 Eduard.

285 3694 334 3762 (cs.
353 3709 440 3761 supra
459 3694 517 3746 cort.
537 3693 576 3761 B)
617 3693 649 3747 10
669 3694 766 3764 quibus
791 3694 895 3748 homini
913 3712 973 3749 curn
993 3695 1043 3748 deo
1062 3693 1207 3748 manifesta
1231 3693 1357 3762 cognatio
1376 3692 1427 3759 est]

285 3767 359 3830 (cum
376 3764 434 3820 cort.
454 3764 494 3830 B)
514 3765 616 3833 Epoct.
637 3771 662 3818 et
674 3765 840 3834 posteriores
858 3773 970 3836 eccepto
989 3767 1093 3820 Veneta
1112 3769 1190 3831 1521,
1211 3764 1308 3833 quibus
1327 3763 1427 3818 homini

285 3839 350 3902 (om.
378 3852 438 3888 curn
467 3835 526 3896 deo,
555 3839 589 3902 cf.
614 3836 672 3890 cod.
695 3837 734 3904 P)
759 3837 904 3890 manifeste
928 3838 1048 3906 cognitio
1074 3839 1116 3890 est
1138 3839 1223 3892 1465.
1247 3839 1426 3889 14691471.

284 3911 367 3960 1472.
390 3910 476 3960 1476.
500 3911 577 3960 1478
594 3923 639 3974 pr.
659 3914 742 3976 post,
762 3909 860 3977 quibus
879 3909 996 3963 hominis
1025 3913 1089 3975 (om.
1120 3925 1179 3961 curn
1204 3907 1267 3974 deo)
1287 3906 1428 3961 manifeste

284 3979 1428 4120 tricininttntttntnrntotttttttttctettt

282 4127 345 4190 post
365 4121 515 4176 Oettare'um
537 4121 643 4175 Wotclt.
667 4123 797 4176 Beronum.
821 4122 941 4192 Lenptct.
966 4123 1095 4177 Eduard.
1119 4123 1185 4190 Btp.
1209 4120 1279 4182 Fri..
1299 4138 1354 4174 non
1372 4135 1427 4172 esse

285 4209 343 4246 curn
363 4196 437 4260 (com
456 4194 514 4248 cod.
535 4192 574 4260 P)
599 4208 690 4246 omnes
714 4200 778 4247 ante
796 4193 956 4262 marsum,
971 4201 1038 4263 poet
1056 4211 1116 4248 eum
1139 4194 1341 4247 Veneto1521.
1365 4190 1426 4244 deu.

286 4265 346 4332 (qut
368 4265 400 4318 id
422 4265 567 4332 defendit).
591 4263 690 4318 Herem.
714 4265 746 4318 tn
768 4270 851 4327 tereto,
875 4265 923 4318 sed
945 4267 977 4318 r'n
996 4266 1062 4320 ado.
1081 4282 1136 4319 non
1156 4281 1214 4318 esse
1234 4279 1294 4316 eum
1314 4266 1362 4330 (sc.
1381 4262 1427 4315 ho-

284 4337 397 4403 minem)
421 4337 502 4389 rnutis
527 4335 676 4406 pecudibus
700 4335 840 4406 aequalem
864 4352 923 4391 cuno
946 4337 1067 4392 Dautsr'o
1092 4336 1145 4404 (od
1167 4336 1274 4389 Minue.
1298 4334 1357 4388 Fet.
1381 4335 1427 4399 17)
