3114 5004
599 474 895 543 Prolcgomena.
1272 475 1319 538 XI

173 671 299 732 55555555
321 674 469 750 poterunt
496 671 626 734 restitui.
665 671 700 734 In
729 668 929 733 breuissimis
957 669 1023 732 illis
1061 669 1318 734 adnotationibus

174 795 252 857 quas
271 776 423 840 Erasmus
447 776 596 840 undecim
615 777 773 858 prioribus
798 775 871 839 libri
892 775 1048 857 capitibus
1068 776 1214 854 subiecit,
1235 777 1320 839 haud

173 902 241 947 raro
285 883 538 947 ‘uetustissimus
581 883 686 947 codex'
724 882 768 967 (p.
802 884 866 946 219
904 882 964 946 bis.
1003 885 1077 949 233.
1123 885 1197 946 234.
1240 881 1319 967 266)

173 991 228 1052 551
257 991 417 1053 ‘uetustus
447 989 553 1054 coder'
583 987 626 1074 (p.
653 991 727 1052 220.
753 991 828 1056 225.
854 992 928 1055 234.
954 992 1028 1053 235.
1054 993 1118 1053 243
1151 990 1210 1054 bis.
1241 988 1318 1075 254)

175 1097 228 1158 uel
252 1098 358 1159 ‘uetus
383 1097 548 1179 exemplar’
578 1098 622 1178 (p.
648 1098 723 1173 277,
749 1097 788 1161 of.
814 1095 893 1182 284)
919 1099 1193 1169 commemoratur.
1234 1094 1319 1174 Quas

174 1203 255 1266 inter
277 1203 431 1267 lectiones
457 1222 646 1284 quamquam
678 1206 753 1266 sunt
777 1223 856 1285 quae
881 1204 975 1266 55535
1001 1202 1164 1266 codicibus
1188 1203 1215 1266 B
1240 1207 1272 1266 et
1294 1204 1320 1265 P

176 1308 310 1389 aliisque
343 1312 420 1373 sunt
452 1313 606 1387 seruatae,
640 1314 745 1373 tamen
778 1313 946 1375 occurrunt
973 1310 1069 1374 etiam
1099 1329 1178 1391 quae
1206 1310 1321 1374 unoV

174 1416 311 1479 traditae
336 1419 420 1491 suut,
445 1418 537 1479 uelut
560 1437 590 1498 p.
617 1418 646 1496 7,
673 1417 712 1480 17
737 1418 804 1478 55555
826 1417 890 1493 BP
914 1417 1001 1478 uiam
1031 1414 1126 1500 Vua
1110 1417 1177 1480 alsa
1200 1414 1319 1500 155555)

176 1525 337 1586 ‘uetustus
367 1523 464 1586 coder
496 1522 634 1586 habebat
667 1525 762 1586 rriom’
792 1525 913 1588 Erasm.
941 1544 971 1604 p.
996 1524 1079 1597 2253
1111 1523 1162 1595 3,5
1194 1524 1321 1601 itaquo

174 1629 349 1692 bominibus
382 1625 509 1714 (5315),
547 1648 609 1691 5555
647 1627 792 1714 (optime)
831 1633 933 1692 5555555
968 1628 1077 1695 3555..
1095 1627 1177 1702 .V,
1216 1630 1320 1692 uetus

176 1737 336 1816 exemplar
357 1736 495 1800 habebat
482 1739 573 1815 tquo
593 1737 628 1798 555
652 1737 699 1818 (555
722 1756 778 1817 per
802 1754 937 1800 errorem
962 1736 1029 1798 3555
1054 1735 1149 1799 dubio
1169 1735 1320 1799 Erasmus

175 1841 298 1905 addidit
284 1841 395 1928 5)5
325 1841 395 1904 bum
400 1842 513 1916 55555553,
528 1863 590 1905 55555
606 1847 708 1905 5555555
723 1843 829 1908 3555..
843 1844 996 1908 surasm
1012 1863 1042 1923 p
1059 1843 1121 1906 277
1127 1862 1208 1922 ,quo
1227 1841 1322 1926 (quod

175 1947 246 2032 Ρ)
234 1970 268 2010 555
287 1949 437 2023 5555555553,
457 1949 541 2011 sedi
530 1952 632 2011 55555555
652 1948 761 2014 3555..
775 1949 871 2022 .ΒΡ;
890 1968 921 2029 p.
938 1951 991 2025 42,
1008 1952 1048 2013 155
1068 1949 1131 2011 5555
1132 1953 1178 2014 5555
1199 1971 1235 2012 ca
1254 1945 1321 2032 (op-

92 2047 96 2054 ’
172 2052 263 2138 5555)
280 2054 318 2132 V,
331 2055 372 2117 ‘in
389 2055 558 2136 exemplari
579 2074 674 2118 manu
690 2055 847 2135 descripto
866 2104 913 2120 ...
929 2055 1053 2118 oblcuit’
1071 2057 1191 2118 llrasm.
1204 2076 1232 2136 p.
1245 2057 1320 2123 284.

174 2161 299 2228 coalita
322 2160 373 2248 (eu
397 2161 492 2246 5533.)
512 2161 553 2235 B,
578 2163 710 2243 obpleuit
733 2184 769 2224 55
787 2163 822 2228 P.
847 2163 956 2226 Possis
981 2163 1134 2245 suspicari
1154 2164 1321 2226 Erasmum

174 2269 310 2334 fortasse
345 2269 486 2334 codicem
525 2271 674 2334 habuisse
709 2291 724 2334 5
757 2270 996 2333 Valentianensi
1033 2270 1238 2352 descriptum.
1280 2271 1323 2332 At

176 2395 367 2458 quamquam
403 2379 528 2441 constat
562 2378 648 2442 uiros
683 2377 793 2441 doctos
827 2377 913 2440 illius
947 2377 1060 2440 aetatis
1093 2376 1188 2440 nimis
1220 2376 1321 2440 fuisse

174 2487 340 2566 promptos
366 2484 405 2547 ad
429 2485 553 2549 codices
580 2505 655 2549 suos
680 2484 842 2550 necandos
867 2485 1023 2562 meteres,
1052 2486 1158 2546 tamen
1182 2484 1234 2546 uir
1259 2503 1323 2547 orc-

176 2589 272 2654 dibilo
298 2594 347 2654 535
369 2590 538 2655 Erasmum
561 2591 723 2655 hominem
748 2612 849 2655 unum
874 2591 1015 2655 omnium
1044 2590 1322 2666 litteratissimum,

177 2697 204 2760 si
228 2697 325 2761 codex
348 2697 402 2760 ille
425 2697 543 2761 fuisset
565 2698 777 2780 posteriorum
803 2699 1012 2774 3355515555,
1034 2717 1106 2760 555
1132 2696 1323 2760 ‘uetustissi-

176 2804 275 2867 mum'
306 2805 541 2886 appellaturum
574 2804 684 2870 fuisse.
728 2803 849 2867 Deinde
889 2804 1124 2867 concedendum
1162 2807 1236 2866 sane
1275 2806 1324 2866 535

176 2912 368 2976 recentiores
394 2911 548 2993 quosdam
573 2911 697 2976 codices
722 2911 837 2974 habere
863 2912 1038 2994 singulares
1057 2911 1150 2991 plano
1170 2911 1323 2974 lectiones

179 3017 456 3080 eValentianensi
481 3018 611 3082 ductas:
641 3020 673 3080 at
696 3019 779 3081 inter
800 3018 920 3080 multos
946 3018 1013 3080 eius
1048 3017 1170 3100 generis
1199 3017 1323 3080 codices

179 3143 312 3204 quorum
331 3124 485 3187 lectiones
506 3143 578 3187 cum
598 3125 718 3206 priores
739 3125 875 3188 editores
896 3125 1081 3200 attulerunt,
1101 3127 1171 3186 tum
1190 3124 1324 3206 Leuglet

179 3231 351 3312 congessit,
376 3232 484 3294 nullus
509 3234 776 3294 commemoratur
800 3230 854 3311 qui
872 3248 968 3292 unam
989 3229 1026 3292 de
1046 3213 1238 3293 lectionibus
1258 3230 1322 3293 illis

178 3335 251 3397 libri
269 3335 524 3400 Valentianensis
543 3337 701 3419 praebeat.
727 3338 793 3399 lam
813 3356 888 3400 uero
909 3337 936 3400 si
956 3336 1137 3400 consideras
1155 3338 1324 3400 15533555

180 3443 216 3504 ab
242 3461 270 3506 a.
296 3443 381 3506 1491
411 3463 514 3524 usque
532 3443 582 3506 ad
611 3463 637 3509 a.
665 3443 750 3506 1496
776 3443 936 3507 Cameraci
966 3443 1082 3506 uixisse
1111 3445 1205 3523 atque
1230 3443 1324 3506 ctiam

180 3558 291 3630 postea
313 3549 346 3612 in
370 3549 553 3632 regionibus
578 3550 642 3613 illis
669 3569 737 3612 esse
762 3552 936 3627 uersatum,
962 3548 1038 3631 quid
1067 3549 1133 3612 ueri
1162 3553 1211 3612 est
1240 3549 1324 3613 simi-

179 3657 242 3720 lius
263 3676 357 3739 quam
377 3677 449 3720 eum
468 3657 584 3720 5535335
604 3657 660 3720 5115
680 3659 822 3738 tempore
842 3657 1081 3720 celeberrimum
1098 3656 1324 3720 monasterium

181 3762 212 3828 S.
236 3763 372 3826 Amandi
397 3765 491 3844 atque
516 3764 611 3826 etiam
636 3784 651 3827 5
676 3763 825 3827 thesauro
849 3763 1003 3827 librorum
1030 3764 1097 3827 illic
1126 3766 1324 3826 seruatorum

180 3871 321 3934 fructum
346 3869 483 3951 aliquem
507 3870 586 3934 ferre
611 3871 779 3934 uoluisse?
812 3869 968 3934 Editiouis
993 3872 1099 3932 autem
1123 3869 1323 3932 Erasmianae

181 3977 317 4040 maxima
344 3978 414 4039 laus
438 3977 469 4039 in
493 3977 603 4059 paucis
627 3977 692 4040 illis
717 3996 796 4057 quas
821 3995 837 4040 5
861 3976 1099 4040 Valentianensi
1130 3975 1250 4057 recepit
1281 3977 1324 4038 le-

183 4083 341 4147 ctionibus
378 4083 483 4164 posita
522 4087 580 4149 cst.
558 4083 780 4146 ttNam
742 4086 780 4145 ut
811 4083 862 4145 hic
886 4083 1024 4146 breuiter
1047 4082 1216 4165 adiungam
1249 4081 1324 4162 qnid

183 4189 308 4254 omnino
329 4188 366 4252 de
387 4208 423 4252 ea
446 4189 713 4252 iudicandumt
671 4190 722 4267 sit,
743 4189 806 4253 cito
790 4192 920 4267 otes,u
900 4193 1022 4271 ipse
1041 4188 1159 4252 indicat
1174 4187 1217 4273 (p
1234 4187 1322 4274 209),

184 4296 325 4358 confecta
358 4315 394 4359 ac
428 4295 494 4358 3555
528 4295 634 4359 studio
669 4239 748 4378 dilig
729 4299 804 4358 55
805 4315 881 4362 5555
923 4297 1114 4378 Plerumque
1147 4295 1200 4378 (5.5
1233 4293 1322 4378 ibid.)
1360 4345 1365 4354 .

184 4401 353 4466 editionem
386 4400 534 4465 Aldinam
564 4422 590 4467 3.
619 4404 703 4466 1515
743 4405 872 4465 3555553
907 4405 965 4479 535,
991 4402 1145 4484 quaedam
1169 4402 1263 4465 etiam
1289 4421 1323 4464 er
