3114 5004
563 420 852 489 Prolegomena.
1161 419 1279 484 XXXV

135 635 230 697 quam
255 635 327 680 curn
346 634 503 697 nusquam
530 618 807 680 commemoratam
832 613 994 690 uidissem,
1014 613 1074 678 hoc
1101 615 1171 679 loco
1195 632 1279 678 com-

134 721 358 786 municandam
392 741 462 786 esse
497 721 686 786 existimaui.
719 722 779 785 Est
811 724 917 784 autem
950 719 1047 784 codex
1078 719 1279 784 Monacensis

137 829 257 906 13241,
291 829 428 911 scriptus
463 847 489 891 a.
527 829 622 905 1520,
658 828 748 892 cuius
782 827 814 892 in
841 827 896 892 fol.
922 828 999 890 331ῐ
1022 845 1146 890 carmen
1169 825 1281 907 incipit

134 934 194 998 hac
228 953 300 998 cum
332 935 558 1016 inscriptione:
591 933 756 997 Luetuucie'
788 931 949 997 Ftruec'uuc'
980 931 1030 996 De
1061 933 1281 996 resurrectione

131 1039 268 1122 pluriora
304 1041 423 1104 domiui
459 1042 558 1104 uestri
594 1040 662 1103 lau
696 1038 814 1104 Gbristc'
841 1039 974 1104 Carmen
1006 1039 1168 1122 elepiucuuo
1195 1038 1280 1122 11191

135 1148 384 1210 venustissimum
411 1148 544 1230 tyaneus
566 1148 824 1227 jucundissimus.
854 1146 937 1211 Ordo
962 1165 1113 1210 uersuum
1136 1149 1187 1209 est
1208 1145 1279 1209 hic:

136 1269 188 1332 39.
214 1271 268 1335 40.
296 1272 389 1336 1-8,
415 1274 592 1352 sequuntur
614 1271 725 1334 inserti
750 1271 784 1334 hi
800 1274 830 1334 ¹:

137 1390 167 1444 11
244 1393 381 1446 Sol-redit
399 1392 434 1446 ad
454 1393 551 1446 conith.
572 1393 709 1446 calescunt
728 1395 832 1455 cuncta,
853 1392 990 1446 virescunt

280 1481 338 1535 Iam
359 1482 444 1547 (deest
463 1482 603 1549 aliquaue)
625 1499 697 1548 arva,
716 1482 797 1534 simul
815 1481 901 1550 frigus
922 1484 950 1534 et
968 1497 1046 1534 omne
1066 1478 1146 1534 cedit.

243 1568 336 1623 Nubes
356 1570 513 1639 depereunt,
533 1571 631 1640 caligo,
650 1571 750 1625 nebula
769 1570 864 1623 densa:

279 1658 337 1712 Lux
355 1659 449 1712 lucens
469 1659 541 1713 clara
558 1659 660 1728 frigora
679 1675 801 1728 quaeque
820 1658 907 1728 pellit.

245 1746 360 1800 Serenus
379 1747 410 1802 fit
429 1765 482 1810 aer,
502 1750 651 1817 tempestas
672 1748 786 1810 tollitur,
805 1746 907 1816 ymber,

259 1836 261 1841 ’
279 1836 364 1891 Nives
384 1837 541 1906 depereunt,
562 1853 684 1906 quaeque
704 1839 794 1890 creata
812 1837 915 1905 vigent.

243 1923 337 1978 Flores
356 1940 427 1978 nunc
445 1924 569 1988 redeunt,
589 1924 697 1978 odorem
717 1940 823 1993 quoque
842 1924 1006 1988 ministrant,

279 2012 379 2066 Turtnr
397 2013 515 2077 auditur,
534 2012 634 2065 iubilat
653 2012 710 2065 avis
730 2013 825 2066 omnis.

245 2098 349 2153 Ventus
368 2100 418 2152 fiat
435 2100 532 2165 lenuis,
552 2100 675 2152 clarescit
693 2100 801 2169 penitus
820 2116 898 2168 aqua,

137 2187 170 2240 20
279 2187 397 2242 Nemora
415 2189 560 2242 florescunt
580 2188 694 2241 dulciter
712 2192 793 2256 atque
812 2188 908 2242 virent.

138 2297 258 2361 0-38.
284 2300 426 2361 41-46.
452 2300 627 2379 sequuntur
650 2297 761 2361 inserti
784 2297 835 2361 hi:

138 2419 170 2471 57
245 2417 364 2487 Surgens
384 2416 490 2472 Christe
511 2415 588 2472 nobis
608 2416 642 2468 da
661 2416 760 2485 gaudia
779 2416 851 2468 vitae
871 2416 1005 2485 perennia.

282 2505 334 2571 Qui
353 2523 400 2576 pro
420 2505 498 2559 nobis
517 2522 612 2575 passus
633 2508 754 2558 mortuus
774 2509 855 2575 atque
875 2506 959 2559 vivus.

138 2616 281 2678 17-86.
307 2617 484 2697 sequnntur
506 2615 618 2679 inserti
641 2615 692 2678 lni:

138 2736 171 2788 99
245 2735 306 2789 Dux
325 2736 395 2789 bone
415 2735 534 2806 glorifico
554 2752 675 2789 remeans
693 2735 840 2804 flegetonte
859 2736 995 2805 triumpho

279 2824 406 2879 Pluribus
426 2825 527 2878 exuviis
547 2824 645 2878 nobilis
665 2827 738 2878 astra
756 2825 835 2893 petis.

139 2933 190 2996 87.
216 2934 269 2997 88.
296 2933 370 2996 109.
396 2933 470 2996 110.
495 2935 672 3014 sequuntur
694 2933 805 2996 inserti
828 2933 879 2996 bi:

140 3054 189 3109 105
245 3053 341 3108 Gratia
358 3072 431 3109 nunc
449 3056 557 3110 dextrae
577 3060 699 3111 consorte
718 3059 751 3129 (l.
771 3058 901 3125 consorti)
921 3058 1012 3112 iuncte
1031 3061 1142 3126 paterne

281 3144 431 3213 Perpetuus
450 3145 560 3199 famulis
579 3149 654 3199 tutor
673 3147 765 3200 adesto
785 3147 849 3202 tuis.

245 3231 335 3287 Oelica
353 3237 476 3287 naturam
496 3234 596 3288 ducens
615 3252 695 3305 super
713 3237 822 3305 agmina
841 3239 961 3290 nostram

280 3321 347 3374 Fide
367 3322 419 3391 piis
437 3323 555 3376 humeris
575 3325 668 3392 pastor
686 3340 762 3377 ovem
782 3324 896 3378 revehis.

141 3431 282 3494 89-94.
307 3434 485 3512 sequuntur
506 3431 619 3496 inserti
642 3433 693 3497 hi:

142 3553 189 3604 115
245 3551 315 3605 Grex
333 3555 396 3606 tuus
416 3553 443 3605 in
463 3554 544 3607 sacris
564 3555 636 3608 lotus
655 3556 830 3624 baptismatis
850 3556 929 3610 undis

279 3641 381 3695 Induat
398 3643 427 3695 in
446 3643 525 3696 terris
545 3644 666 3713 spiritale
687 3644 720 3710 (l.
739 3646 892 3714 spirituale)
914 3646 1002 3701 decus.

214 3783 220 3798 ,
247 3729 375 3785 Criminis
395 3749 411 3784 a
429 3749 498 3785 nevo
518 3733 573 3785 1111
591 3735 650 3786 1111
669 3736 799 3804 temporis
819 3752 867 3788 evo

282 3819 376 3887 suque
396 3820 507 3889 nagnam
528 3822 731 3876 sacraremus
750 3807 907 3895 nospitium.

142 3928 304 4005 05-100,
331 3928 441 3993 omissi
464 3934 540 3994 sunt
564 3932 750 4011 101-108,
776 3934 839 3998 enit
862 3953 986 3999 carmen
1010 3935 1042 3998 in
1065 3935 1144 4000 hos:

143 4050 191 4102 125
246 4050 348 4105 Vident
367 4052 493 4123 discipuli
513 4056 606 4108 statim
624 4057 652 4109 11
672 4057 799 4110 scandere
819 4073 931 4121 sursum,

281 4139 375 4194 Nubes
393 4144 421 4194 te
441 4143 545 4213 recipit.
565 4145 695 4214 aperuisti
713 4147 793 4200 celos.

248 4247 256 4280 ¹
271 4247 391 4302 Adlictos
405 4249 455 4302 hos
469 4267 563 4305 uersus
577 4253 605 4304 in
620 4270 698 4306 usum
712 4271 801 4307 meum
816 4255 946 4309 beneuole
961 4256 1131 4324 transcripsit
1145 4255 1176 4310 G.
1192 4253 1281 4308 Laub-

144 4350 228 4400 mann,
249 4352 325 4404 quem
347 4336 379 4390 de
399 4337 449 4391 hoc
469 4339 559 4392 codice
579 4339 705 4394 adieram.
727 4339 953 4412 Orthographiam
973 4349 1077 4398 mutare
1096 4345 1179 4398 nolui.

1201 4449 1229 4502 c*
