3164 5000
478 438 527 489 De
556 439 726 506 opificio
755 438 816 490 dei
843 439 950 490 liber
978 439 1018 491 10.
1285 443 1324 506 37

179 633 325 697 uideatur
357 633 473 696 leuiter
504 631 649 713 inpressa
681 631 807 705 diuisis
841 631 980 715 rigidum
1014 653 1050 697 ac
1078 638 1160 698 teres
1194 637 1325 715 collum,

179 740 330 823 scapulae
358 739 451 802 uelut
478 738 631 802 mollibus
659 738 744 821 iugis
774 758 792 801 a
818 739 942 802 ceruice
971 721 1271 818 demissae'ualida
1295 746 1327 806 et

176 847 353 911 substricta
389 845 496 909 neruis
533 845 572 907 ad
604 841 822 910 fortitudinem
856 833 994 924 brachia,
1031 847 1210 931 insignibus
1246 850 1325 914 toris

177 953 355 1017 extantium
383 953 576 1016 lacertorum
604 952 717 1034 uigens
745 954 849 1030 robur,
883 953 973 1018 utilis
1003 974 1038 1018 ac
1067 954 1181 1019 decens
1209 955 1326 1019 flexura

141 1060 372 1124 scubitorum.
443 1058 518 1140 quid
547 1059 650 1122 dicam
679 1059 717 1122 de
745 1059 891 1123 manibus
920 1061 1052 1124 rationis
1082 1081 1117 1125 ac
1150 1062 1323 1144 sapientiae
1344 1074 1379 1126 22

176 1166 353 1230 ministris?
374 1185 451 1248 quas
473 1165 715 1230 sollertissimus
740 1167 850 1230 artifex
873 1168 966 1249 plano
988 1187 1023 1231 ac
1042 1168 1166 1232 modice
1187 1188 1324 1233 concauo

177 1273 251 1337 sinu
275 1273 376 1350 fictas,
401 1276 439 1336 ut
468 1273 495 1336 si
524 1272 600 1354 quid
628 1273 800 1336 tenendum
825 1274 877 1351 sit,
903 1278 974 1356 apte
998 1276 1102 1357 possit
1124 1275 1269 1353 insidere,
1294 1275 1326 1338 iu

157 1379 297 1462 digitos
325 1379 526 1443 terminauit:
560 1379 592 1442 in
621 1379 738 1460 quibus
767 1379 896 1443 difficile
925 1382 975 1444 est
1003 1381 1146 1462 expedire
1178 1384 1325 1445 utrumne

177 1487 303 1568 species
328 1505 367 1549 an
390 1486 514 1550 utilitas
539 1485 640 1550 maior·
664 1486 715 1550 sit.
779 1505 852 1548 nam
878 1489 909 1550 ct
932 1507 1082 1552 numerus
1106 1488 1265 1570 perlectus
1289 1506 1325 1551 ac
1345 1502 1380 1554 23

131 1616 158 1652 10
175 1595 292 1676 plenus
318 1595 350 1657 et
373 1593 448 1657 ordo
468 1612 505 1657 ac
525 1593 641 1676 gradus
662 1593 906 1658 decentissimus
928 1597 960 1657 et
978 1595 1184 1659 articulorum
1203 1595 1326 1677 parium

176 1704 351 1765 curuatura
373 1700 519 1764 flexibilis
540 1704 572 1764 et
589 1699 691 1763 forma
709 1701 866 1784 unguium
885 1702 1020 1765 rotunda
1039 1702 1189 1793 concauis
1212 1701 1327 1784 tegmi-
1442 1736 1444 1744 x

179 1808 276 1870 nibus
315 1807 486 1890 digitorum
524 1807 655 1890 fastigia
694 1807 950 1889 conprehendens
984 1810 1079 1890 atque
1111 1807 1253 1882 firmans,
1287 1826 1325 1870 ne

175 1913 349 1977 mollitudo
366 1913 468 1976 carnis
487 1913 519 1976 in
537 1911 674 1976 tenendo
694 1912 830 1990 cederet,
850 1931 1001 1998 magnum
1016 1905 1152 1995 'praehet
1171 1916 1324 1978 ornatum.

176 2021 263 2084 illud
286 2040 361 2084 uero
387 2019 426 2082 ad
448 2038 543 2083 usum
567 2018 656 2082 miris
680 2019 783 2082 modis
808 2019 924 2097 habile,
955 2020 1039 2101 quod
1062 2039 1146 2084 unus
1171 2040 1189 2084 a
1212 2021 1325 2084 ceteris
1344 2035 1380 2088 '24

128 2151 154 2187 15
169 2130 342 2210 separatus
380 2146 453 2190 cum
486 2127 556 2207 ipsa
592 2144 688 2189 manu
722 2126 821 2205 oritur
849 2129 881 2189 et
911 2127 944 2190 in
974 2126 1136 2191 diuersum
1170 2127 1326 2190 maturius

174 2234 332 2310 funditur,
358 2234 412 2315 qui
432 2252 465 2297 se
486 2233 577 2296 uelut
596 2233 728 2296 obuium
748 2233 860 2296 ceteris
879 2233 1032 2315 praehens
1053 2252 1178 2297 omnem
1197 2233 1325 2296 tenendi
1367 2285 1368 2288 η

173 2341 377 2422 faciendique
404 2341 560 2405 rationem
590 2341 644 2403 uel
673 2340 760 2405 solus
789 2340 842 2403 uel
869 2340 1039 2422 praecipue
1074 2339 1218 2422 possidet
1245 2343 1324 2402 tam-

175 2467 273 2528 quam
301 2450 405 2512 rector
432 2448 574 2512 omniurn
604 2450 699 2529 atque
727 2447 920 2521 moderatum
955 2446 1038 2510 unde
1072 2447 1168 2510 etiam
1200 2446 1326 2529 pollicis

174 2573 291 2617 nomeu
325 2554 458 2636 accepit,
493 2555 577 2635 quod
609 2555 643 2617 ui
677 2557 709 2618 et
740 2557 899 2637 potestate
931 2554 1013 2618 inter
1045 2555 1166 2617 ceteros
1196 2553 1324 2635 polleat.
1369 2580 1372 2588 ·

127 2684 155 2722 πο
174 2661 257 2724 duos
282 2660 410 2743 quidem
434 2661 585 2726 articulos
611 2665 752 2726 extantes
776 2662 884 2736 habet,
904 2658 967 2724 nou
991 2663 1028 2723 ut
1052 2660 1106 2724 alii
1129 2662 1247 2737 ternos,
1268 2658 1324 2723 sed
1345 2676 1381 2729 25

174 2787 261 2832 uuus
296 2768 334 2830 ad
364 2761 493 2831 inanum
529 2787 620 2832 carne
654 2768 831 2832 conectitur
867 2766 1113 2850 pulchritudinis
1147 2762 1262 2849 gratia:
1297 2766 1323 2830 si

176 2875 261 2938 enirn
289 2875 407 2939 fuisset
428 2877 531 2940 tribus
556 2876 700 2940 articulis
726 2875 848 2957 etipse
874 2875 1042 2951 discretus,
1068 2873 1161 2938 foeda
1186 2876 1218 2938 et
1239 2874 1327 2936 iude-

177 2999 250 3045 cora
279 2982 401 3063 specics
430 2981 604 3045 ademisset
630 2982 776 3045 manibus
804 2982 1019 3046 honestatem.
1089 2979 1152 3042 iam
1185 2964 1380 3063 pectoris'to

266 3222 558 3295 EXPILATORES
580 3225 592 3276 1
618 3223 884 3292 rigidum—collum]
921 3222 1016 3278 isidor.
1055 3223 1121 3291 orig.
1159 3222 1199 3275 XI
1227 3224 1251 3287 1,
1278 3224 1309 3275 61

178 3313 193 3365 9
214 3329 234 3364 s
257 3311 289 3363 18
310 3313 343 3380 s]
361 3311 457 3364 Isidor.
479 3313 546 3382 orig.
565 3311 604 3364 XI
624 3315 647 3375 1,
669 3313 715 3375 70;
736 3311 768 3364 de
788 3310 844 3364 diff.
863 3328 912 3364 rer.
932 3311 1010 3363 XVII
1028 3312 1077 3364 63.

213 3439 343 3509 BP·V]1
363 3439 501 3508 inpressa
521 3439 545 3504 (i
564 3437 579 3491 ,9
597 3442 647 3506 cr.)
667 3439 695 3490 P
748 3440 763 3490 2
783 3438 909 3492 dimissae
928 3440 956 3491 P
978 3453 1005 3542 ‘c
1028 3438 1132 3491 ualida*
1148 3442 1175 3504 (c
1196 3437 1211 3491 ,9
1229 3442 1278 3506 er.)
1299 3440 1325 3492 P

180 3557 195 3609 3
213 3555 363 3608 bracchia
381 3554 421 3606 B³
478 3556 609 3623 lingens
629 3555 706 3608 codd.
726 3571 787 3620 rec,
807 3554 866 3607 cdd.
932 3557 947 3608 ὑ
966 3555 1079 3607 rationis
1100 3557 1126 3620 (r
1144 3555 1175 3606 c'u
1192 3571 1248 3607 ras.
1270 3560 1294 3607 ct
1314 3571 1327 3607 c

180 3661 200 3697 s.
223 3645 249 3710 I,
268 3645 319 3698 hoc
337 3660 442 3712 quoque
463 3645 494 3696 iu
512 3660 577 3707 ros,
597 3661 631 3696 m.
653 3648 683 3712 3)
703 3643 731 3696 Β
812 3645 932 3713 dplano
958 3644 1053 3696 artilex
1078 3642 1104 3694 V
1191 3644 1280 3696 lsitu
1304 3643 1330 3695 V

180 3733 275 3786 finctus
293 3739 325 3786 eet
342 3733 400 3786 oid.
420 3732 467 3796 131,
486 3733 585 3801 linpxitJ
604 3732 644 3785 Β3
715 3733 812 3803 possit]
831 3733 897 3797 RV,
917 3734 953 3784 sit
965 3733 993 3785 P
1063 3733 1091 3784 in
1111 3734 1190 3798 (arcte
1208 3731 1323 3801 digitos)

182 3839 226 3885 eu,
245 3822 273 3874 Β
336 3822 353 3876 8
371 3821 532 3875 terminabit
550 3822 607 3885 ΒΝ,
627 3838 694 3875 corr.
713 3839 747 3875 m.
767 3822 883 3875 zoe12
949 3823 966 3874 9
985 3820 1130 3889 perlectus]
1149 3819 1211 3884 PV,
1231 3823 1325 3889 pectus

183 3911 241 3977 (scd
260 3913 287 3964 ct
304 3911 396 3964 heduus
414 3914 490 3977 cert.)
509 3911 556 3975 B¹,
575 3912 691 3980 psl¹exus
709 3909 749 3962 B²
802 3927 843 3971 Lac
856 3911 951 3978 plenus
968 3913 1005 3970 ert
1016 3909 1044 3962 P
1080 3909 1112 3962 13
1126 3908 1285 3962 concederet
1303 3909 1327 3962 V

183 4001 215 4052 15
228 3999 335 4053 diuerso
350 3999 377 4052 V
411 4001 444 4052 16
463 4000 574 4053 finditur
587 4001 663 4054 codd.
677 4005 737 4065 rec,
752 4000 827 4066 666,ι
839 3999 934 4052 malim
949 3998 1109 4051 diffunditur
1158 3997 1288 4059 tenendi
1300 3997 1328 4049 P

183 4088 216 4141 17
235 4088 455 4158 ettamquamP
490 4088 524 4142 18
542 4113 629 4139 aaaaa
649 4081 749 4155 (rector
761 4090 830 4156 sort.
851 4091 900 4155 er.)
921 4087 1039 4140 omnium
1052 4085 1180 4139 rectorB
1233 4085 1325 4138 mode-

183 4180 256 4230 rator
276 4179 320 4243 (or
339 4193 372 4230 coc
389 4181 433 4244 ur)
453 4178 481 4230 Β
555 4179 589 4230 20
608 4181 640 4230 ut
657 4195 677 4232 s.
700 4179 715 4231 l.
741 4177 784 4242 1⁷¹,
802 4178 896 4241 refecit
918 4175 954 4230 V³
1026 4175 1058 4227 21
1085 4174 1119 4227 ad
1140 4183 1222 4227 manu
1247 4190 1324 4227 carne

185 4267 344 4335 conectitur]
372 4266 404 4332 V,
432 4266 467 4320 ad
493 4284 589 4319 manus
617 4267 767 4320 conectitur
790 4267 824 4329 B,
850 4265 884 4318 ad
907 4282 1001 4318 manus
1026 4280 1104 4317 carne
1128 4263 1279 4317 conectitur
1300 4263 1328 4315 P

185 4355 219 4408 23
238 4356 334 4423 spicies
353 4354 390 4407 P¹
461 4373 523 4408 narn
543 4355 601 4409 PV
